3396 4932
341 323 372 386 Π
715 330 719 338 “
803 319 1020 372 Ρ19919119.

340 513 559 594 haeresimque
587 514 715 594 propter
742 531 834 592 quam
864 511 894 573 in
924 510 1078 574 iudicium
1107 515 1239 574 uocatus
1264 515 1349 574 esset
1376 531 1483 592 quarn-

341 622 391 685 uis
415 621 544 703 Pelagio
569 618 715 682 absoluto
741 618 917 681 damnatam
943 637 1013 680 9999
1038 616 1184 681 ostendit.

386 728 457 791 Duo
476 726 549 790 libri
570 726 613 788 (19
634 725 767 808 gratia
788 723 945 788 Christi
966 728 1002 788 91
1022 724 1066 787 (19
1093 727 1260 805 9999919
1286 725 1482 808 originali

343 836 380 899 ad
405 835 603 898 9911991418
628 831 783 896 referendi
808 837 892 896 9991.
911 831 1062 915 Pelagius
1086 851 1156 895 oum
1177 831 1481 908 ΑΙ1)199,Ρ1919999,

341 942 478 1005 Melania
512 942 641 1022 agerent
664 958 736 1002 curn
766 957 812 1014 99,
847 941 884 1001 91
916 957 995 1020 qnae
1029 940 1135 1001 contra
1167 938 1273 1019 ipsum
1307 939 1483 1002 dicerentur

343 1049 459 1129 scripto
481 1047 652 1120 damnaret,
673 1045 805 1128 gratiam
825 1045 869 1107 119
893 1045 1117 1125 1919191919199
1142 1047 1201 1119 991,
1225 1047 1320 1108 ntea
1343 1044 1482 1108 definitio

343 1155 508 1218 9119111919
528 1173 587 1216 1199
609 1153 797 1216 abhorreret.
817 1151 924 1232 itaque
944 1169 1015 1213 cum
1035 1151 1184 1233 Pelagius
1204 1170 1311 1214 eorum
1329 1152 1482 1215 indicium

341 1260 518 1335 fefellisset,
535 1259 584 1322 illi
599 1257 814 1340 Augustinum
831 1256 906 1337 qnid
921 1256 959 1319 (19
975 1257 1042 1320 9199
1063 1256 1202 1319 doctrina
1222 1259 1352 1320 sentiret
1372 1277 1482 1321 consu-

341 1367 479 1430 luerunt.
510 1365 625 1446 quibus
653 1363 845 1444 respondens
878 1361 1078 1446 Augustinus
1108 1363 1138 1425 in
1168 1364 1248 1428 libro
1278 1365 1321 1427 de
1350 1365 1483 1447 gratia

344 1471 497 1537 Christi
530 1472 726 1534 demonstrat
756 1467 923 1552 Pelagium
956 1468 1039 1532 haud
1072 1469 1138 1532 9199
1170 1469 1242 1532 1999
1277 1489 1312 1534 99
1348 1471 1482 1534 fallaciis

342 1579 475 1662 gratiam
500 1576 651 1653 confiteri,
676 1575 760 1656 quod
782 1576 813 1637 in
838 1574 909 1638 aliis
934 1575 1061 1656 99119119
1085 1575 1219 1658 gratiam
1243 1577 1295 1640 nel
1317 1577 1348 1641 in
1372 1581 1483 1641 natura

343 1688 374 1748 et
391 1684 490 1748 libero
511 1683 638 1747 arbitrio
658 1682 760 1746 nolin
780 1683 850 1763 lege
869 1683 964 1762 atque
984 1681 1124 1744 doctrina
1142 1685 1238 1762 ponat
1257 1702 1353 1765 eaque
1372 1685 1482 1747 uolnn-

342 1791 417 1856 tatis
438 1790 620 1854 9199119919
640 1788 897 1870 possibilitatem,
916 1790 954 1851 ut
972 1787 1059 1864 (11911,
1078 1808 1139 1852 999
1163 1789 1263 1870 ipsam
1283 1790 1481 1855 uoluntatem

343 1901 374 1961 91
403 1897 558 1960 actionem
586 1895 690 1958 iuuari
722 1894 841 1959 doceat.
875 1913 969 1976 quarn
1003 1895 1135 1977 gratiam
1169 1915 1187 1957 a
1219 1896 1276 1960 deo
1309 1897 1480 1960 secundum

342 2004 455 2068 merita
471 2002 635 2066 hominnm
657 2000 722 2064 dari
746 2004 840 2082 atque
865 2000 903 2063 ad
926 2003 1093 2082 praecepta
1116 2020 1195 2081 qnae
1219 2002 1361 2066 homines
1386 2003 1481 2067 etiam

342 2110 410 2173 sine
430 2109 480 2172 dei
500 2109 579 2172 dono
600 2107 723 2171 91119919
742 2107 867 2188 possint
889 2105 1015 2170 facilins
1040 2105 1190 2186 explenda
1211 2108 1329 2172 iuuare.
1353 2109 1440 2173 locos
1465 2129 1481 2173 9

340 2215 463 2300 Pelagii
483 2215 609 2297 scriptis
627 2213 745 2295 petitos
766 2213 880 2294 quibus
901 2213 1035 2295 gratiam
1060 2213 1259 2277 commendet
1282 2219 1482 2298 ostentetqne

338 2324 385 2386 ita
399 2327 596 2404 comparatos
612 2341 681 2384 9999
697 2321 844 2396 (19919191,
865 2323 903 2383 91
921 2339 1014 2401 quarn
1035 2321 1168 2402 gratiam
1186 2321 1240 2385 ille
1259 2321 1483 2405 interpretetur

339 2429 439 2492 99191
455 2448 490 2492 99
505 2428 646 2493 (19911199
659 2427 804 2510 intellegi
818 2427 930 2509 possit,
943 2426 1044 2509 gratia
1057 2447 1132 2491 uere
1147 2428 1317 2492 christiana
1327 2449 1481 2512 nusquam

338 2537 496 2618 appareat.
516 2535 597 2598 libro
622 2533 663 2596 (19
687 2536 842 2616 9999919
868 2532 1047 2615 originali
1071 2533 1270 2616 Augustinus
1290 2535 1319 2598 19
1341 2536 1483 2599 (19911199

340 2643 378 2706 (19
406 2642 596 2724 baptismate
623 2640 828 2722 paruulorum
857 2643 889 2702 91
917 2639 955 2702 (19
983 2643 1112 2722 9999919
1145 2641 1290 2724 originali
1317 2642 1481 2726 Pelagium

340 2749 419 2812 nihil
438 2768 456 2811 a
475 2748 632 2812 Caelestia
657 2746 780 2810 differre
804 2746 997 2827 comprobat,
1018 2746 1072 2827 qui
1089 2749 1217 2830 propter
1239 2767 1308 2810 eam
1327 2749 1482 2813 baeresim

339 2855 387 2919 bis
408 2854 574 2918 damnatus
595 2855 645 2918 sit.
666 2854 750 2936 qnod
768 2872 843 2917 uero
863 2853 1012 2936 Pelagius
1036 2854 1116 2916 hanc
1136 2854 1350 2934 quaestionem
1376 2875 1481 2919 earnm

341 2980 410 3025 esse
444 2961 531 3038 (11911,
563 2960 595 3023 19
629 2960 744 3041 quibus
777 2963 902 3040 praeter
933 2957 1006 3022 fidei
1039 2959 1215 3040 periculum
1253 2961 1347 3024 errari
1370 2963 1482 3043 possit,

340 3066 540 3150 Augustinus
564 3066 625 3130 hoc
649 3083 750 3129 errore
774 3064 848 3128 fidei
877 3065 1082 3128 fundamenta
1110 3066 1209 3129 enerti
1238 3067 1406 3132 contendit.
1435 3087 1482 3131 91-

343 3176 443 3236 119919
463 3173 543 3236 libro
565 3191 619 3236 eos
638 3170 757 3234 refellit
776 3170 830 3252 qui
851 3169 998 3254 dogmate
1023 3171 1145 3253 peccati
1169 3171 1329 3255 originalis
1355 3178 1482 3256 9999919

340 3279 522 3362 nuptiarum
551 3277 685 3342 bonitati
714 3275 837 3340 detrahi
866 3279 898 3339 et
931 3276 987 3340 deo
1022 3276 1158 3341 hominis
1191 3279 1310 3360 nuptiis
1345 3280 1483 3363 generati

341 3385 494 3450 conditori
517 3384 663 3448 iniuriam
688 3383 755 3446 fieri
780 3382 968 3446 scribebant.

391 3492 477 3556 Libri
506 3491 550 3554 (19
579 3489 737 3572 9991119
772 3492 811 3552 91
843 3489 1181 3570 99999919999119
1213 3511 1239 3553 9.
1267 3493 1330 3555 419
1365 3493 1483 3557 conditi

343 3618 412 3663 9999
432 3597 590 3662 uidentur.
610 3599 704 3676 atque
723 3595 923 3680 Augustinus
948 3615 1019 3659 cum
1044 3615 1061 3658 a
1084 3595 1204 3661 Valerio
1229 3599 1342 3663 comite
1362 3601 1484 3684 Pelagi-

341 3723 416 3768 anos
433 3723 466 3768 se
486 3702 669 3766 calumniari
690 3702 805 3766 certior
823 3703 926 3766 faetus
942 3706 1037 3778 99991,
1053 3705 1136 3784 qnod
1152 3704 1303 3788 originale
1316 3710 1482 3788 peccatum

342 3809 509 3875 asserendo
534 3808 661 3890 nuptias
687 3807 857 3886 damnaret,
882 3809 998 3872 librum
1022 3810 1159 3892 primum
1185 3812 1228 3875 (19
1257 3813 1416 3894 nuptiis
1445 3817 1483 3877 91

342 3914 687 3996 99999919999119
716 3915 830 3992 emisit,
860 3934 921 3996 quo
951 3936 1057 3980 earum
1085 3917 1256 3981 bonitatem
1292 3919 1481 3984 defenderet.

341 4023 394 4086 uir
418 4023 478 4086 hoc
502 4041 581 4104 opus
605 4021 635 4084 in
660 4020 774 4084 Iuliani
797 4022 958 4104 Pelagiani
982 4043 1094 4086 manus
1124 4025 1301 4104 (199999191,
1331 4045 1402 4090 9919
1430 4027 1482 4090 hic

341 4131 491 4210 quattuor·
526 4127 623 4190 libros
662 4126 815 4192 aduersus
853 4127 1069 4211 Augustinum
1110 4131 1246 4212 scripsit.
1290 4151 1325 4194 91
1367 4132 1481 4214 quibus

342 4234 469 4315 quidam
497 4231 661 4297 nonnullas
691 4233 862 4297 sententias
892 4234 1058 4317 1199919911,
1088 4234 1249 4319 decerptas
1278 4237 1404 4302 Valerio
1434 4259 1481 4304 99-
