3382 4924
298 351 360 413 148
654 345 680 398 S.
709 345 845 398 Aureli
872 344 1088 413 Augustini

296 541 389 606 modo
405 541 521 604 bonum
538 559 599 603 non
613 540 759 616 facimus,
775 539 802 604 si
818 539 1009 622 diligamus?
1026 537 1086 602 etsi
1101 538 1184 602 eninr
1195 537 1245 602 dei
1259 539 1441 603 mandatum

297 647 424 712 uidetur
452 645 618 729 aliquando
647 665 708 710 non
733 666 752 710 a
775 646 992 729 diligentibus,
1027 645 1082 709 sed
1107 665 1125 709 a
1152 645 1340 710 timentibus
1365 646 1443 721 fieri,

298 758 403 818 tamen
435 754 490 818 nbi
518 772 579 816 non
608 755 658 818 est
690 752 828 828 dileetio,
862 752 985 816 nullum
1017 752 1134 818 bonum
1169 771 1248 834 opus
1280 752 1444 834 inputatur

299 880 355 925 neo
383 863 468 925 reete
495 861 613 924 bouum
638 879 717 943 opus
745 863 888 934 uocatur,
923 859 997 940 quia
1021 878 1123 924 omne
1157 859 1253 939 quod
1285 878 1355 924 non
1387 862 1444 922 est

300 987 341 1032 er
359 967 434 1031 fide
453 969 649 1048 peecatum
670 971 727 1030 est
747 969 779 1030 et
797 965 894 1030 fides
914 985 978 1047 per
998 965 1241 1029 dilectionem
1257 968 1442 1048 operatur.
1473 987 1486 1025 ⁵

300 1093 335 1138 ae
363 1093 418 1156 per
444 1073 505 1136 hoe
533 1073 666 1156 gratiam
695 1071 756 1149 dei,
790 1091 852 1154 que
884 1072 1025 1136 oaritas
1060 1071 1118 1134 dei
1151 1071 1383 1136 diffunditur
1410 1072 1445 1133 in

302 1179 480 1244 cordibus
504 1179 644 1244 nostris
673 1179 940 1262 perspiritum
969 1181 1140 1242 sanetum
1165 1177 1226 1259 qui
1255 1177 1366 1242 datus
1391 1181 1449 1241 ost

301 1287 419 1363 nobis,
453 1287 499 1350 sic
523 1285 709 1350 confiteatur
733 1285 787 1368 qui
810 1286 883 1349 uult
906 1285 1060 1349 ueraciter
1083 1285 1235 1362 confiteri,
1264 1289 1301 1349 ut
1324 1285 1448 1348 omniuo

302 1393 382 1456 nihil
403 1393 479 1457 boni
503 1393 569 1456 sine
592 1393 648 1455 illa
672 1392 755 1475 quod
780 1393 819 1456 ad
842 1393 994 1476 pietatem
1012 1392 1151 1474 pertinet
1168 1409 1339 1473 ueramque
1357 1391 1449 1454 iusti-

302 1498 380 1561 tiam
402 1497 469 1561 fieri
488 1516 581 1581 posse
600 1517 661 1562 nou
682 1498 816 1571 dubitet,
839 1517 899 1562 non
924 1498 1081 1579 quomodo
1105 1497 1177 1574 iste,
1201 1497 1255 1578 qui
1279 1516 1352 1561 oum
1372 1496 1450 1561 dieit
1469 1524 1496 1564 ro

303 1607 477 1686 ‘propterea
500 1604 567 1668 dari
594 1605 737 1687 gratiam,
770 1607 807 1668 ut
840 1604 925 1686 quod
952 1625 970 1668 a
998 1604 1055 1668 deo
1088 1603 1290 1687 praecipitur,
1324 1603 1449 1668 facilius

302 1712 479 1793 inpleatur‘,
500 1711 575 1792 quid
595 1711 632 1775 de
650 1711 706 1774 illa
725 1711 840 1776 sentiat
859 1710 937 1774 satis
953 1710 1100 1786 ostendit,
1117 1711 1240 1774 scilieet
1255 1710 1338 1792 quod
1354 1709 1447 1774 etiam

306 1818 371 1882 sine
395 1816 460 1892 illa,
485 1817 546 1881 etsi
568 1817 674 1882 minus
697 1816 800 1892 facile,
829 1816 896 1880 fieri
919 1819 1023 1880 tamen
1049 1816 1132 1898 quod
1156 1816 1309 1891 diuinitus
1333 1817 1450 1898 praeol-

306 1924 391 2007 pitur
414 1928 529 2004 potest.

351 2030 481 2094 XXVII.
507 2031 618 2096 28.1n
646 2030 726 2094 libro
756 2031 871 2112 qnippe
896 2031 935 2094 ad
962 2029 1117 2112 uirginem
1147 2048 1277 2104 saoram,
1311 2029 1395 2111 quod
1420 2032 1451 2093 et
1471 2056 1499 2094 ra

307 2155 403 2219 supra
431 2137 685 2212 commemoraui,
719 2157 791 2202 oum
821 2137 910 2200 dieit:
936 2136 1086 2200 ‘diuinam
1115 2155 1290 2200 mereamur
1318 2136 1451 2220 gratiam

308 2248 339 2308 et
366 2243 492 2307 facilius
516 2262 651 2325 nequam
675 2244 800 2326 spiritui
825 2244 925 2308 saneti
949 2244 1080 2326 spiritus
1105 2244 1219 2308 auxilio
1243 2244 1450 2308 resistamus.

309 2349 468 2433 signifieat
497 2350 637 2431 profecto
670 2351 745 2432 quid
783 2349 893 2432 sapiat.
935 2356 971 2414 ut
1003 2349 1079 2431 quid
1112 2349 1195 2414 enim
1226 2349 1286 2414 boe
1318 2350 1450 2413 uerbum

308 2455 507 2536 interposuit,
531 2455 563 2518 id
587 2461 636 2520 est
658 2455 834 2520 facilius?
858 2476 896 2520 an
919 2475 994 2520 uero
1018 2475 1078 2519 non
1103 2461 1169 2520 orat
1187 2457 1309 2539 Integer
1327 2475 1450 2521 sensus.

310 2566 347 2626 ut
378 2580 512 2642 nequam
544 2561 669 2644 spiritui
702 2563 803 2626 saneti
837 2561 969 2644 spiritus
1002 2562 1117 2625 auxilio
1149 2561 1358 2626 resistamus?
1397 2562 1452 2626 sed
1471 2588 1500 2625 πο

311 2669 463 2750 quantum
486 2668 709 2732 detumentum
732 2669 791 2732 boo
816 2668 1029 2732 additamento
1049 2668 1169 2744 feeerit,
1195 2668 1265 2750 quis
1284 2687 1344 2731 non
1362 2668 1453 2732 intel-

310 2777 417 2858 legat?
451 2775 561 2838 uolens
593 2775 704 2856 utique
738 2774 821 2838 erodi
853 2777 957 2838 tantas
990 2793 1060 2838 esse
1089 2778 1218 2837 naturae
1246 2774 1342 2850 uires,
1376 2794 1453 2856 quas

313 2881 488 2946 extollendo
521 2883 718 2963 praecipitat,
754 2885 788 2946 ut
821 2883 915 2946 etiam
944 2883 1011 2945 sine
1039 2882 1155 2946 anxilio
1184 2882 1316 2962 spiritus
1343 2883 1454 2954 saneti,

313 2988 373 3054 etsi
392 2988 497 3051 minus
515 2988 617 3066 facile,
636 2992 740 3052 tamen
760 2989 864 3070 aliquo
884 2989 976 3053 modo
992 3008 1126 3070 nequam
1141 2989 1267 3071 spiritui
1279 2988 1454 3052 resistatur.

358 3095 501 3158 XXVIII.
525 3097 577 3158 29.
601 3095 681 3158 Item
706 3096 736 3158 in
765 3095 866 3176 primo
894 3096 974 3160 libro
1002 3113 1058 3176 pro
1086 3095 1184 3158 libero
1213 3095 1340 3159 arbitrio
1372 3101 1456 3159 ‘oum
1474 3114 1504 3152 ns

314 3205 419 3266 autem
433 3205 497 3265 taur
514 3201 614 3280 forte',
628 3203 743 3284 inquit,
754 3204 828 3266 ‘tam
843 3202 967 3265 firmum
984 3202 1023 3265 ad
1037 3221 1098 3266 nou
1113 3202 1306 3284 peccandum
1321 3202 1456 3265 liberum

314 3309 345 3372 in
361 3307 451 3371 nobis
466 3307 637 3372 habeamus
662 3309 837 3384 arbItrIum,
858 3308 942 3390 qnod
956 3308 1142 3391 generaliter
1155 3312 1284 3373 naturae
1303 3308 1458 3372 humanae

316 3419 435 3479 creator
470 3415 613 3491 irrsoruit,
654 3434 764 3480 rursus
806 3434 860 3496 pro
897 3414 1122 3478 inaestimabili
1159 3415 1227 3478 eius
1264 3414 1458 3497 benignitate

317 3521 473 3586 cotidiano
500 3521 602 3604 ipsius
622 3522 786 3586 munimur
810 3521 946 3586 arruiIIo’.
972 3521 1048 3604 quid
1072 3540 1150 3603 opus
1176 3524 1226 3586 est
1248 3521 1308 3586 boo
1331 3520 1458 3584 auxilio.

406 3748 519 3801 auom.
540 3749 581 3811 14,
601 3749 635 3801 23
691 3747 868 3815 sebae
924 3748 1116 3812 essaeus
1173 3748 1205 3800 15
1225 3745 1258 3800 of.
1275 3746 1334 3814 142,
1350 3746 1384 3800 ao
1400 3763 1458 3814 sqq.

356 3890 368 3941 l
390 3906 442 3942 non
461 3905 482 3942 s.
502 3890 521 3942 l.
544 3887 569 3940 T
637 3888 794 3942 mandatnm
815 3889 859 3942 dei
880 3889 903 3942 0
956 3891 971 3942 2
990 3868 1043 3942 dion
1064 3867 1080 3942 'a
1099 3888 1278 3958 diligentibus
1299 3887 1340 3941 Ob
1393 3890 1411 3940 4
1431 3906 1460 3940 ex

319 3977 371 4032 fide
395 3983 437 4031 est
460 3978 496 4032 od
581 3981 623 4031 est
645 3995 695 4033 om.
725 3979 750 4031 Τ
784 3979 872 4059 ...10
896 3996 950 4031 nou
975 3995 1054 4048 posse
1077 3978 1114 4031 M
1203 3979 1234 4030 17
1258 3977 1414 4031 resistemus
1438 3976 1465 4027 V

321 4067 353 4120 18
369 4066 433 4134 quid
448 4067 550 4130 sepiliri
564 4067 689 4135 sapiatO
723 4068 757 4120 20
773 4085 822 4136 spu
833 4083 878 4135 pr.
893 4067 929 4119 M
965 4068 1000 4119 24
1014 4067 1158 4120 resistatur
1171 4071 1227 4135 (tur
1239 4083 1262 4122 s.
1275 4083 1330 4120 rue.
1347 4083 1380 4119 m.
1397 4068 1425 4131 2)
1442 4065 1466 4116 0

320 4157 353 4208 26
373 4155 478 4208 firmum
497 4159 540 4220 est
561 4155 584 4208 0
685 4158 717 4209 27
737 4156 866 4209 habemns
886 4173 920 4208 m.
940 4160 954 4207 1
977 4156 1002 4208 Τ
1104 4157 1138 4210 28
1159 4156 1216 4208 eius
1233 4154 1428 4208 inaestimabili
1447 4155 1464 4206 b

321 4245 354 4297 29
375 4243 533 4312 quotidiano
552 4244 595 4298 Po
