3388 4946
296 371 359 433 164
648 368 675 420 S.
704 367 843 419 Aureli
871 366 1086 435 Augustini

339 561 544 626 XXXXVIH.
569 563 622 624 53.
646 561 731 625 lllud
755 563 860 624 autem
885 560 1120 643 propterquod
1144 564 1290 626 sanctum
1309 561 1355 624 sic
1373 560 1440 624 lau·

294 670 384 732 dauit
414 668 627 746 Ambrosium,
666 668 739 748 quia
771 667 895 730 scilicet
926 667 957 730 in
991 667 1118 750 scriptis
1151 668 1219 731 eius
1251 667 1373 730 inuenit
1405 685 1441 729 ex

293 777 443 840 laudibus
471 775 637 839 Zachariae
666 781 698 837 et
727 773 890 838 Elisabeth
919 793 1012 856 posse
1040 773 1200 837 hominem
1227 774 1259 836 in
1286 774 1345 836 bac
1373 773 1441 836 uita

294 902 365 946 esse
390 883 456 945 sine
479 885 619 964 peccato,
644 899 837 962 quamquam
860 880 1038 962 negandum
1061 899 1122 943 non
1146 880 1198 954 sit,
1227 879 1255 942 si
1278 879 1338 942 hoc
1360 879 1442 942 uelit

294 989 385 1066 deus,
422 987 505 1068 apud
538 1005 632 1068 quem
665 989 740 1049 sunt
773 986 877 1048 omnia
907 985 1082 1066 possibilia,
1121 985 1300 1050 consideret
1334 989 1440 1048 tamen
1473 1006 1487 1044 ⁵

294 1094 478 1180 diligentius
495 1093 761 1174 quemadmodum
777 1091 898 1155 dictum
913 1092 964 1155 sit.
980 1092 1100 1156 dictum
1116 1094 1198 1156 enim
1213 1097 1272 1168 est,
1289 1097 1440 1174 quantum

294 1201 373 1264 mihi
392 1201 529 1274 uidetur,
549 1199 723 1263 secundum
740 1199 897 1280 quandam
913 1199 996 1262 inter
1010 1199 1154 1263 homines
1170 1199 1441 1263 conuersationem

294 1307 490 1391 probabilem
523 1310 617 1386 atque
648 1306 852 1382 laudabilem,
890 1325 984 1386 quam
1021 1306 1127 1369 nullus
1160 1305 1323 1368 hominum
1355 1305 1441 1368 iuste

294 1422 406 1496 posset
426 1413 458 1475 in
483 1412 693 1476 accusationis
717 1415 749 1474 et
772 1412 999 1476 criminationis
1020 1414 1179 1492 querelam
1198 1430 1322 1475 uocare.
1346 1430 1442 1492 quam

294 1523 461 1603 propterea
491 1520 523 1582 in
557 1519 607 1582 dei
640 1523 811 1600 conspectu
836 1519 1003 1582 Zacharias
1032 1523 1065 1581 et
1092 1520 1160 1582 eius
1188 1537 1265 1581 uxor
1291 1517 1488 1581 habuissem

294 1627 481 1702 referuntur,
511 1626 586 1706 quia
607 1626 638 1688 in
663 1644 699 1687 ea
723 1625 866 1689 homines
891 1625 978 1688 nulla
1002 1625 1255 1689 dissimulatione
1278 1624 1440 1702 fallebant,

295 1733 352 1798 sed
379 1736 417 1796 ut
444 1733 635 1814 apparebant
661 1731 854 1808 hominibus,
887 1731 932 1795 ita
959 1731 1026 1794 noti
1049 1735 1139 1794 erant
1161 1731 1262 1795 oculis
1286 1731 1347 1794 dei.
1380 1751 1441 1795 non

294 1843 401 1903 autem
426 1839 546 1903 dictum
570 1842 620 1901 est
642 1839 702 1901 hoc
726 1837 901 1900 secundum
924 1837 1013 1900 illam
1036 1837 1262 1920 perfectionem
1288 1837 1441 1914 iustitiae,

291 1947 325 2010 in
352 1966 414 2028 qua
435 1965 510 2009 uere
534 1948 629 2026 atque
654 1945 833 2008 omnimodo
857 1944 1041 2008 inmaculati
1063 1945 1259 2025 perfectique
1281 1945 1442 2008 uiuemus.

291 2073 363 2116 nam
388 2057 420 2115 et
443 2052 607 2134 apostolus
631 2051 751 2114 Paulus
776 2050 854 2114 dixit
877 2051 1082 2114 secundum
1111 2051 1311 2127 iustitiam,
1345 2069 1437 2132 quae
1458 2072 1484 2112 ιε

291 2179 332 2224 ex
364 2160 447 2241 lege
481 2163 548 2235 est,
582 2177 615 2222 se
647 2157 746 2221 fuisse
776 2158 855 2222 siue
890 2157 1052 2239 querela,
1085 2158 1117 2220 in
1151 2177 1213 2239 qua
1243 2157 1315 2240 lege
1344 2157 1438 2221 etiam

291 2263 457 2327 Zacharias
495 2263 562 2325 sine
600 2263 726 2344 querela
762 2263 1020 2338 conuersabatnr;
1064 2263 1119 2326 sed
1160 2263 1239 2327 bauo
1276 2263 1440 2344 apostolus

290 2370 448 2434 iustitiam
471 2369 503 2432 in
528 2369 719 2432 stercoribus
748 2373 780 2432 et
807 2369 1004 2432 detrimentis
1034 2369 1200 2450 deputauit
1223 2370 1254 2432 in
1279 2389 1440 2452 compara-

290 2478 376 2540 tione
400 2475 552 2552 iustitiae,
578 2493 671 2555 quam
697 2494 860 2556 speramus
886 2479 917 2538 et
940 2495 1032 2556 quam
1053 2495 1136 2540 nunc
1155 2477 1273 2540 esurire
1293 2497 1328 2540 ac
1349 2478 1438 2542 sitire

291 2582 444 2645 debemus
467 2582 505 2643 ut
528 2599 565 2642 ea
588 2580 774 2660 quandoque
798 2585 976 2644 saturemur
998 2582 1030 2644 in
1049 2583 1164 2664 specie,
1189 2602 1268 2663 quae
1288 2603 1370 2648 nnnc
1389 2587 1439 2648 est
1456 2607 1484 2647 so

291 2689 323 2752 in
348 2688 420 2764 fide,
445 2686 595 2767 quamdiu
620 2687 748 2750 iustus
774 2706 813 2750 ex
837 2687 913 2750 fide
936 2689 1046 2753 uiuit.

336 2793 557 2856 XXXXVIHI.
569 2794 621 2855 54.
631 2792 751 2856 Audiat
765 2794 898 2874 denique
908 2794 1015 2875 ipsum
1025 2795 1237 2858 uenerabilem
1252 2796 1437 2872 antistitem,

291 2919 362 2964 cum
390 2902 557 2980 exponeret
583 2897 708 2961 Esaiam
737 2901 932 2982 prophetam,
964 2901 1118 2965 dicentem
1143 2902 1299 2966 neminem
1322 2903 1353 2965 in
1378 2903 1439 2967 hoc

292 3003 410 3067 mundo
444 3021 513 3066 esse
546 3002 613 3066 sine
646 3009 786 3084 peccato,
819 3005 875 3067 ubi
908 3023 999 3068 nemo
1031 3009 1138 3086 potest
1170 3006 1272 3070 dicere
1305 3007 1346 3070 ‘in
1379 3007 1439 3072 hoo

292 3108 421 3172 mundo’
444 3127 516 3170 eum
541 3108 657 3172 dixisse
680 3110 772 3172 uelut
793 3110 825 3172 in
849 3110 1017 3174 dilectione
1040 3111 1135 3175 buius
1158 3113 1278 3177 mundi.
1303 3112 1341 3176 de
1365 3132 1438 3194 apo·
1456 3135 1484 3175 aa

292 3215 376 3278 stolo
400 3213 517 3275 etenim
539 3213 738 3294 loquebatur,
768 3214 823 3294 qui
852 3215 941 3279 dixit:
977 3218 1217 3282 conuersatio
1246 3221 1374 3282 nostra
1401 3220 1437 3283 in

293 3319 411 3385 caelis
436 3321 501 3384 est.
524 3319 606 3383 hunc
627 3339 700 3403 ergo
721 3340 850 3384 sensum
870 3325 1062 3386 memoratus
1080 3323 1247 3406 episcopus
1268 3325 1438 3406 explicans,

291 3425 481 3508 perlectos,
504 3423 616 3505 inquit,
642 3431 760 3489 ‘secum
784 3427 902 3490 multos
927 3428 972 3491 ait
1000 3429 1164 3510 apostolus
1192 3430 1222 3492 in
1251 3431 1311 3494 hoc
1334 3431 1438 3495 adbuc

293 3529 410 3594 mundo
434 3529 523 3604 sitos,
548 3531 610 3609 qui,
636 3531 663 3595 si
687 3531 726 3594 ad
749 3531 973 3614 perfectionem
992 3552 1099 3596 ueram
1118 3535 1281 3616 respicias,
1305 3537 1437 3617 perfecti

384 3772 417 3824 10
437 3771 469 3823 cl.
490 3770 554 3825 Luc.
576 3771 635 3836 1,6
723 3775 756 3825 15
775 3773 845 3826 Phil.
866 3775 926 3839 3,6
1010 3774 1042 3827 18
1063 3733 1266 3845 cl.Pl1il.3,8
1351 3779 1383 3832 19
1404 3778 1437 3832 ol.

296 3859 393 3914 datin.
413 3862 438 3926 5,
458 3860 474 3911 6
529 3859 560 3910 21
582 3859 658 3910 Rom,
680 3859 702 3926 1,
725 3861 756 3912 17
812 3863 845 3914 26
865 3862 936 3914 Phil.
956 3863 980 3924 3,
1000 3863 1034 3915 20

331 3982 404 4035 lslc
421 3980 546 4033 laudauit
565 3986 686 4034 sanctum
706 3983 743 4035 bd
810 3985 987 4053 2scripturis
1005 3986 1033 4038 P
1098 3989 1298 4044 3zacarian
1367 3992 1437 4046 heli-

293 4071 392 4139 aabeth
414 4069 478 4123 Ocu
541 4071 707 4122 cesserim
729 4071 849 4124 occul>
913 4076 945 4127 12
964 4075 1023 4128 noti
1042 4093 1092 4129 ont.
1117 4077 1144 4131 V
1202 4080 1234 4132 19
1254 4079 1289 4132 ad
1306 4081 1438 4135 arco

292 4161 329 4213 20
348 4158 505 4212 deberemus
523 4155 560 4210 M
646 4158 680 4212 23
699 4159 793 4211 isaiam
813 4160 840 4212 P
857 4163 958 4230 isayam
980 4164 1021 4216 Cb
1038 4181 1148 4233 ysayam
1170 4167 1193 4220 O
1281 4168 1315 4222 26
1335 4169 1402 4224 dicit
1421 4171 1437 4224 b

293 4248 328 4303 28
348 4246 436 4300 adhuc
455 4260 505 4300 om.
525 4261 559 4299 m.
579 4244 639 4297 10
691 4245 725 4298 29
745 4250 848 4315 qualo.
869 4267 884 4301 a
904 4250 968 4302 odd.
989 4252 1083 4318 ae)M
