3382 4924
323 299 364 361 78
678 296 704 348 S.
733 295 869 348 Aureli
894 294 1109 364 Augustini

322 495 434 556 erunt'.
467 496 540 572 post
564 493 642 555 hano
667 492 734 555 eius
758 493 994 575 responsionem
1019 493 1158 576 synodus
1188 493 1278 557 dixit:
1313 493 1361 556 ‘ad
1389 493 1466 557 haec

322 597 482 679 praedicta
524 597 663 678 capitula
705 597 897 662 sufficienter
938 602 969 662 et
1007 601 1089 662 recte
1127 600 1284 664 satisfecit
1319 593 1466 682 praesens

321 705 471 788 Pelagius
495 705 760 770 anathematizans
795 725 831 768 ea
863 724 942 786 quae
975 724 1036 768 non
1069 709 1156 770 erant
1193 707 1283 770 eius‘.
1320 706 1466 770 uidemus

321 811 421 894 igitur
444 813 475 874 et
497 813 642 874 tenemus
666 830 727 874 non
752 811 854 874 solum
879 830 897 874 a
916 812 1045 894 Pelagio
1065 831 1177 876 uerum
1197 813 1292 876 stiam
1312 831 1329 875 a
1349 814 1466 876 sanctis

322 917 490 1000 episcopia,
526 917 580 999 qui
602 917 650 980 illi
677 917 795 982 iudicio
824 917 1055 1000 praesidebant,
1088 919 1172 982 mala
1199 907 1466 1002 perniciosissima
1498 941 1509 979 a

322 1024 416 1087 huius
442 1023 528 1087 modi
551 1023 690 1086 haeresis
720 1041 789 1088 esse
818 1024 979 1088 damnata:
999 1024 1112 1088 ¹Adam
1142 1026 1308 1089 mortalem
1336 1026 1467 1101 iactum,

211 1145 213 1147 ·
322 1129 408 1211 quod
422 1134 459 1193 nt
475 1130 599 1212 plenius
619 1125 822 1212 exponeretur
842 1131 999 1211 quomodo
1020 1131 1140 1195 dictum
1160 1132 1212 1209 sit,
1238 1132 1380 1196 additum
1400 1136 1466 1196 ost:

323 1236 378 1317 qui
411 1237 478 1300 siue
511 1239 657 1317 peccaret
685 1236 753 1300 siue
782 1256 842 1300 non
874 1241 1019 1318 peccaret
1051 1238 1223 1302 moriturus
1257 1241 1350 1304 esset.
1384 1239 1468 1320 quod

322 1346 487 1426 peccatum
512 1342 580 1406 eius
605 1343 711 1425 ipsum
737 1343 837 1407 solum
863 1343 991 1408 laeserit
1014 1347 1046 1408 et
1069 1364 1129 1409 non
1158 1364 1257 1427 genus
1286 1347 1467 1409 humanum.

321 1449 406 1531 quod
428 1449 478 1512 lex
502 1448 546 1512 sic
570 1450 678 1512 mittat
696 1450 735 1530 ad
754 1469 895 1532 reguum,
920 1451 1185 1533 quemadmodum
1207 1455 1237 1514 et
1257 1452 1466 1534 euangelium.
1488 1476 1512 1514 ιο

322 1555 407 1638 quod
428 1555 565 1624 infantes
590 1575 688 1637 nuper
711 1555 777 1618 nati
800 1557 831 1618 in
856 1556 910 1619 illo
937 1559 1023 1620 statu
1049 1558 1122 1632 sint,
1147 1558 1178 1620 in
1203 1578 1264 1639 quo
1286 1558 1384 1622 Adam
1405 1558 1467 1621 fuit

322 1665 394 1726 ante
422 1661 732 1743 praeuaricationem.
767 1663 850 1744 quod
880 1681 980 1743 neque
1009 1683 1064 1744 per
1092 1667 1243 1735 <mortem
1274 1665 1352 1737 uel>
1381 1684 1466 1747 prae-

324 1767 548 1831 uaricationem
571 1767 657 1831 Adae
682 1787 773 1832 omne
798 1788 897 1852 genus
922 1769 1085 1834 hominum
1110 1771 1262 1835 moriatur
1289 1791 1388 1852 neque
1412 1791 1468 1853 per

323 1873 583 1937 resurrectionem
609 1872 727 1938 Christi
757 1893 847 1938 omne
877 1893 976 1958 genus
1006 1876 1165 1940 hominum
1196 1881 1349 1960 resurgat.
1384 1876 1467 1958 quod

322 1980 469 2055 inlautes3
498 1979 559 2043 etsi
583 1999 642 2044 nou
667 1981 874 2063 baptizentur,
900 1983 1035 2046 habeant
1058 1983 1159 2047 uitam
1183 1988 1347 2049 aeternam.
1383 1983 1467 2065 quod
1487 2009 1511 2045 15

323 2086 440 2149 diuites
464 2086 626 2168 baptizati,
650 2085 712 2150 nisi
736 2087 881 2151 omnibus
906 2088 1135 2166 abrenuntient,
1161 2090 1188 2152 si
1213 2090 1289 2170 quid
1313 2089 1386 2154 honi
1405 2089 1467 2154 uisi

323 2191 440 2255 fuerint
467 2192 579 2268 facere,
613 2211 672 2256 non
701 2192 765 2255 illis
781 2197 957 2274 ,reputetur
983 2213 1084 2276 neque
1112 2215 1245 2278 regnum
1270 2196 1319 2258 dei
1344 2196 1467 2277 possint

322 2297 447 2362 hahere.
471 2298 547 2361 haec
573 2300 655 2361 certe
680 2298 784 2362 omnia
808 2299 923 2364 iudicio
947 2300 1002 2364 illo
1024 2302 1240 2366 ecclesiastico
1261 2303 1467 2366 anathemati-

322 2407 411 2468 zante
452 2403 582 2487 Pelagio
626 2408 657 2468 et
700 2405 856 2486 episcopis
898 2407 1184 2489 interloquentibus
1232 2410 1355 2472 constat
1398 2428 1466 2472 esse

323 2510 479 2574 damnata.
595 2541 597 2545 ·
1485 2541 1511 2579 20

368 2619 420 2682 25.
440 2617 501 2680 His
522 2621 626 2680 autem
649 2617 887 2698 quaestionibus
904 2622 936 2682 et
949 2620 1081 2684 istarum
1099 2622 1324 2686 sententiarum
1342 2627 1467 2686 conten-

322 2723 506 2788 tiosissimis
519 2723 751 2786 adsertionibus
766 2724 829 2787 iam
844 2744 1071 2808 usquequaque
1081 2729 1277 2792 sementibus
1292 2730 1466 2792 multorum

322 2830 455 2894 fratrum
488 2831 730 2912 perturbabatur
762 2832 936 2896 infirmitas.
965 2835 1047 2897 unde
1081 2835 1182 2898 coacti
1211 2855 1321 2900 sumus
1351 2837 1467 2900 sollici-

322 2936 432 2999 tudine
466 2937 617 3015 caritatis,
657 2957 752 3019 quam
786 2957 860 3022 erga
893 2940 1059 3004 ecclesiam
1094 2941 1211 3006 Christi
1245 2961 1300 3024 per
1333 2943 1465 3026 gratiam

322 3041 441 3106 Christi
465 3042 579 3107 hahere
603 3064 659 3108 nos
685 3045 841 3123 conuenit,
876 3047 971 3123 etiam
996 3047 1034 3110 ad
1058 3048 1166 3112 beatae
1191 3049 1361 3113 memoriae
1385 3051 1465 3114 Mar·
1486 3074 1512 3115 a>

322 3149 482 3226 collinum,
503 3150 557 3230 qui
576 3169 629 3214 eos
650 3151 765 3216 cotidie
785 3152 998 3232 disputatores
1018 3155 1263 3219 molestissimos
1279 3155 1468 3237 ‚patiebatur

321 3258 355 3316 et
377 3273 426 3317 me
451 3274 505 3336 per
527 3255 650 3319 litteras
676 3258 870 3329 consulebat,
896 3259 933 3322 de
959 3251 1148 3341 quibusdam
1172 3261 1305 3325 istarum
1330 3263 1467 3344 quaesti.

324 3361 436 3423 onibus
467 3362 602 3424 scribere
633 3367 663 3426 et
691 3365 825 3428 maxime
849 3365 887 3428 de
910 3366 1068 3449 baptismo
1092 3369 1308 3448 paruulorum,
1343 3369 1466 3451 dequo

360 3659 372 3709 1
393 3658 459 3711 haec
473 3658 620 3727 praedicta]
641 3659 760 3728 haecque
775 3660 848 3714 dicta
861 3661 1021 3716 LUL¹FF¹
1035 3664 1086 3716 hae
1101 3681 1169 3733 quae
1184 3665 1257 3718 dieta
1274 3664 1321 3720 Vs
1355 3666 1371 3717 2
1386 3667 1467 3719 satis-

322 3743 476 3798 i'acitFV²
529 3747 647 3798 letiam
668 3750 696 3799 et
713 3747 750 3799 L¹
806 3749 920 3802 dhuius
939 3751 1022 3820 modi]
1043 3753 1123 3804 huius
1147 3753 1289 3806 UL¹FVS
1347 3753 1465 3822 equod]

320 3850 428 3902 quoque
448 3832 530 3899 FV²;
547 3835 586 3888 sic
605 3836 686 3888 eidam
705 3837 736 3889 ia
753 3853 822 3890 roera
842 3840 885 3890 10.
905 3842 942 3894 11.
962 3843 1005 3892 12.
1025 3845 1068 3893 14.
1088 3843 1124 3894 15
1188 3843 1221 3894 12
1239 3845 1353 3894 mortem
1371 3841 1416 3894 uel
1436 3841 1468 3894 d:

322 3938 372 3976 om.
391 3923 470 3976 codd.
494 3923 540 3977 VS
597 3926 627 3977 15
647 3924 748 3978 habent
766 3925 856 3979 Fam
910 3928 942 3982 16
962 3929 1134 3982 abrenuerint
1157 3929 1182 3981 V
1239 3931 1302 4000 uisi]
1323 3931 1375 3983 nisi
1398 3928 1468 3984 V²S¹

324 4013 356 4064 19
376 4014 449 4064 esset
466 4029 500 4064 m.
520 4016 535 4064 1
553 4013 590 4065 F¹
646 4014 677 4066 21
700 4015 945 4069 contentiosissima
963 4016 1123 4070 LUL¹F¹P
1140 4023 1203 4071 m.1
1222 4019 1468 4087 conteptiosissima

321 4100 395 4154 Fet
415 4101 660 4154 contentiosissima
684 4101 741 4154 1⁷8¹
777 4104 811 4156 23
830 4103 953 4174 fratrum]
974 4105 1075 4158 factum
1091 4107 1126 4157 L¹
1165 4108 1198 4160 25
1217 4125 1266 4160 nos
1285 4107 1383 4160 hahere
1403 4107 1468 4161 Vsa

323 4189 367 4258 ad]
389 4189 452 4242 aF
