3396 4932
297 365 335 426 18
643 362 670 414 S.
698 361 835 413 Aureli
864 363 1079 430 Augustini

294 560 332 619 et
355 576 396 619 er
419 560 506 620 tota
530 558 660 619 mente
684 559 761 618 tua.
787 575 859 619 nam
879 576 951 620 cum
972 561 1022 620 est
1040 557 1143 621 adhuc
1162 559 1281 640 aliquid
1301 563 1434 626 carnalis

291 663 574 744 concupiscentiae,
599 662 684 743 quod
706 662 760 724 uel
784 663 969 726 continendo
989 663 1136 740 frenetur,
1156 683 1216 728 non
1237 667 1434 732 omnimodo

292 790 328 834 er
351 774 418 834 tota
441 771 543 834 anima
571 769 716 850 diligitur
743 768 829 832 deus.
858 787 918 832 non
942 770 1025 832 enim
1050 788 1121 833 caro
1146 771 1212 834 sine
1236 761 1434 838 3212233212-

291 877 436 960 cupiscit,
466 875 612 957 quamuis
642 893 712 938 caro
742 875 966 957 concupiscere
1000 875 1132 948 dicatur,
1162 877 1236 958 quia
1267 880 1435 943 carnaliter

290 983 394 1046 anima
417 981 624 1061 concupiscit.
648 984 724 1043 tunc
749 980 809 1043 erit
830 981 935 1043 iustus
960 981 1028 1044 sine
1052 981 1119 1044 ullo
1143 983 1268 1046 omnino
1291 989 1433 1064 peccato.
1467 1009 1480 1046 3

290 1089 365 1172 quia
382 1089 469 1154 nulla
487 1089 536 1150 lex
560 1086 620 1151 erit
637 1085 675 1148 in
695 1086 885 1149 membris
906 1087 973 1149 eius
988 1106 1167 1170 repugnans
1181 1088 1265 1171 legi
1285 1093 1433 1156 mentis

289 1197 368 1272 eius,
393 1195 450 1260 sed
472 1212 602 1275 prorsus
626 1195 715 1256 toto
745 1192 875 1268 corde,
905 1196 994 1257 tota
1022 1193 1161 1271 anima,
1185 1198 1273 1257 tota
1300 1201 1432 1261 mente

288 1303 404 1385 diliget
423 1301 547 1376 deum,
569 1299 654 1380 quod
671 1302 721 1363 est
741 1300 902 1379 primum
919 1317 1142 1380 summumque
1159 1306 1432 1382 praeceptum.

288 1428 343 1472 cur
366 1425 439 1489 ergo
458 1424 520 1468 non
544 1405 779 1487 praeciperetur
796 1405 916 1468 homini
934 1405 997 1468 ista
1014 1406 1177 1486 perfectio
1197 1409 1343 1485 quemuis
1364 1428 1432 1472 eam

286 1516 318 1578 in
338 1515 396 1577 hcc
419 1513 488 1576 uita
510 1530 602 1575 nemo
622 1511 757 1574 habeat?
781 1529 841 1574 non
862 1511 945 1573 enim
964 1515 1049 1574 recte
1068 1511 1213 1583 curritur,
1233 1513 1261 1574 si
1281 1532 1342 1592 quo
1363 1533 1432 1578 cur·
1453 1541 1479 1578 ιο

285 1620 417 1684 rendum
441 1621 491 1681 est
513 1618 682 1682 nesciatur.
707 1617 865 1699 quomodo
890 1620 996 1680 autem
1020 1617 1163 1692 sciretur,
1184 1619 1211 1682 si
1229 1621 1325 1684 nullis
1344 1643 1432 1704 prae-

288 1727 386 1810 ceptis
415 1723 654 1788 ostenderetur?
683 1725 730 1787 sic
758 1742 833 1806 ergo
863 1741 1037 1799 curramus
1066 1728 1102 1785 ut
1131 1725 1431 1804 conprehendamus.

287 1851 395 1897 omues
419 1831 502 1894 enim
531 1831 586 1911 qui
614 1835 700 1894 recte
730 1833 870 1906 currunt,
900 1829 1162 1911 conprehendant,
1190 1849 1251 1894 non
1280 1833 1365 1896 sicut
1392 1835 1431 1898 in

286 1955 411 2021 egone
439 1937 646 2000 theatrico
676 1955 811 2000 omnes
841 1935 1000 2016 quidem
1031 1938 1207 2012 currunt,
1231 1935 1298 1998 sed
1327 1957 1431 2004 unus

286 2042 439 2124 accipit
457 2043 637 2123 palmam.
658 2061 822 2105 curramus
842 2023 1006 2116 credendo,
1027 2039 1189 2119 sperando,
1209 2039 1429 2120 desideranda
1451 2069 1477 2108 15

285 2165 447 2214 curramus
480 2166 595 2228 corpus
629 2148 813 2230 castigando
848 2149 880 2209 et
908 2147 1106 2226 elemosynas
1134 2144 1166 2206 in
1194 2145 1285 2210 bonis
1319 2147 1431 2216 dandis

284 2256 438 2336 malisque
461 2253 664 2338 ignoscendis
689 2254 833 2316 hilariter
852 2255 889 2315 et
913 2271 948 2314 ex
972 2251 1065 2314 corde
1089 2249 1230 2313 faciendo
1250 2255 1283 2314 et
1306 2272 1430 2320 curren-

283 2363 363 2426 tium
391 2360 476 2423 uires
504 2364 543 2422 ut
570 2359 760 2424 adiuuentur
788 2358 905 2422 orando
937 2359 969 2419 et
1002 2356 1048 2418 sic
1072 2354 1237 2420 audiamus
1261 2368 1431 2444 praecepta

283 2467 496 2552 perfectionis,
520 2485 559 2528 ne
584 2485 707 2529 currere
731 2465 939 2548 neglegamus
964 2461 1003 2524 ad
1026 2460 1252 2542 plenitudinem
1276 2467 1429 2538 caritatis

327 2573 429 2638 Vllll.
458 2573 512 2637 20.
540 2571 599 2634 His
628 2569 814 2652 praemissis
843 2588 880 2631 ea
907 2566 1090 2630 testimonia
1118 2585 1195 2646 quae
1226 2573 1334 2651 posuit
1364 2574 1474 2639 istem

283 2681 334 2745 cui
365 2678 604 2760 respondemus,
633 2681 798 2758 tamquam
830 2691 888 2736 nos
922 2691 959 2735 ea
989 2672 1224 2752 protulerimus,
1260 2675 1429 2760 diligenter

282 2787 457 2850 audiamus.
483 2785 524 2846 ‘in
558 2781 822 2846 Deuteronomio:
855 2783 897 2841 tu
932 2783 1064 2840 autem
1097 2782 1305 2858 perlectus
1345 2788 1426 2851 eris

283 2911 413 2957 coram
447 2889 607 2953 domino
641 2888 713 2951 dec
745 2890 834 2960 tuor
867 2885 943 2947 item
977 2883 1058 2946 illio:
1093 2886 1131 2946 et
1161 2904 1235 2949 non
1268 2890 1346 2952 erit
1375 2894 1426 2957 in-

282 2999 586 3062 consummatus
619 2995 656 3057 in
690 2991 801 3055 filiis
835 2989 980 3063 Israeh
1013 2989 1091 3052 item
1115 2991 1253 3056 saluatur
1274 2995 1306 3057 in
1332 3016 1426 3063 euan-

281 3105 380 3188 gelio:
419 3105 554 3165 estote
592 3097 782 3181 perfecti,
822 3095 916 3177 quia
952 3097 1067 3176 peter
1104 3101 1243 3162 uester
1281 3104 1348 3182 qui
1385 3106 1472 3172 inas

282 3209 409 3274 caelis
444 3211 506 3271 est
537 3206 752 3289 perfectus
786 3206 865 3276 est3
893 3200 971 3263 item
995 3202 1158 3283 apostolus
1182 3204 1220 3266 ad
1244 3206 1424 3277 Corinthios

368 3450 479 3524 enom.
500 3468 528 3528 2,-
545 3465 579 3518 23
631 3462 766 3516 anatra.
786 3461 830 3520 22,
850 3461 893 3515 er.
913 3459 946 3512 33
999 3461 1031 3513 23
1051 3460 1064 3513 2
1084 3459 1142 3514 eor.
1162 3462 1186 3529 9,
1206 3464 1241 3517 24
1286 3467 1319 3518 22
1339 3470 1422 3528 nent.

281 3560 321 3620 23,
342 3559 375 3611 23
430 3557 463 3609 23
483 3556 564 3606 neue.
584 3553 627 3612 23,
650 3553 682 3604 22
739 3551 773 3603 23
792 3548 891 3601 naen.
912 3549 936 3608 5,
956 3548 991 3601 le

316 3713 543 3771 ltotem.1R
592 3710 696 3778 4211β
747 3709 857 3776 aquia]
879 3707 1252 3776 quandoRGKd,m.2D
1298 3716 1424 3774 lanima

278 3812 332 3875 (ma
351 3805 416 3858 add.
435 3821 468 3855 m.
489 3805 518 3867 2)
537 3801 564 3852 L
654 3799 670 3852 8
690 3798 784 3866 diligit
802 3794 1006 3864 mosoma.
1024 3814 1058 3849 m.
1077 3801 1093 3849 1
1110 3797 1195 3851 DVC
1289 3819 1421 3862 summum

278 3896 444 3964 primumque
466 3891 489 3943 O
551 3889 644 3956 9cur]
666 3895 698 3940 eu
717 3887 778 3938 BN
840 3885 872 3937 10
892 3883 963 3953 quod
981 3885 1009 3936 B
1077 3887 1109 3938 13
1128 3893 1233 3940 current
1251 3889 1422 3965 PVOEuq„

277 4001 311 4036 m.
331 3986 345 4034 1
363 3981 419 4034 Do
482 3980 514 4033 15
535 3981 562 4030 et
581 3975 713 4034 sperando
733 3976 804 4044 Eup.
876 3974 909 4027 16
928 3973 1089 4042 elymosinas
1108 3974 1169 4041 LB,
1187 3993 1221 4030 m.
1241 3983 1255 4029 1
1279 3979 1304 4031 V
1321 3981 1421 4038 elemo-

278 4073 349 4124 sinas
367 4069 457 4132 RCN,
475 4083 510 4120 m.
530 4067 588 4118 11)
607 4066 797 4134 helemosynas
810 4063 864 4117 ΡΟ
883 4063 1060 4132 aelymosinas
1078 4063 1101 4116 0
1118 4065 1299 4136 elemosinisii
1338 4073 1369 4124 17
1391 4091 1422 4130 cx

278 4158 363 4226 ωη,β
418 4155 593 4210 2132212311
644 4151 817 4208 23212111
864 4152 898 4205 24
917 4151 1017 4205 israhel
1035 4152 1089 4206 PR
1107 4153 1157 4205 isrl
1176 4153 1257 4208 OCK
1304 4159 1339 4212 26
1358 4161 1420 4217 cho.

277 4247 392 4300 rinthios
409 4245 485 4313 aaa
