3410 4952
302 409 365 474 252
454 407 480 462 S.
500 405 593 458 Aureli
611 405 757 473 Augustini
779 404 811 458 de
829 405 931 474 nuptiis
952 408 979 457 et
998 403 1215 472 eoncupiscentia
1233 403 1246 456 I
1264 403 1300 458 40

304 603 488 667 damnauit?
513 601 596 685 qnod
621 602 690 668 ideo
716 599 1025 666 commemorandum
1048 601 1170 682 putaui,
1200 603 1275 684 quia
1297 601 1445 685 Pelagius

304 710 350 774 sie
373 710 482 774 laudet
500 709 715 788 Ambrosium,
740 713 776 773 ut
802 709 900 772 dieat:
920 707 1042 772 ‘beatus
1062 707 1247 774 Ambrosius
1267 709 1445 791 episeopus,

302 817 334 880 in
358 816 449 880 euius
473 816 640 898 praecipue
664 816 753 879 libris
778 816 920 879 Romane
943 816 1048 878 elucet
1070 813 1158 892 fides,
1179 815 1233 896 qui
1258 815 1446 896 scriptorum

302 923 384 986 inter
410 923 539 987 Latinos
569 923 626 986 flas
657 921 783 1004 quidam
813 921 977 1004 speciosus
1007 920 1131 997 enituit,
1165 921 1255 985 euius
1288 920 1383 984 fidem
1415 924 1447 985 et

301 1029 508 1111 purissimum
535 1029 567 1092 in
596 1028 762 1110 seripturis
791 1046 920 1092 sensum
948 1046 987 1090 ne
1015 1026 1164 1090 inimieus
1193 1026 1321 1110 quidem
1350 1043 1446 1090 ausus
1476 1046 1489 1087 a

304 1139 353 1200 est
383 1135 627 1216 reprehendere'.
660 1135 819 1216 paeniteat
851 1153 923 1216 erge
954 1152 1025 1196 eum
1055 1133 1139 1213 qued
1168 1133 1267 1198 sensit
1295 1133 1446 1196 aduersus

302 1241 517 1318 Ambrosium,
541 1261 579 1304 ne
601 1241 761 1322 paeniteat
791 1259 861 1302 eum
892 1239 976 1322 qued
999 1239 1045 1304 sie
1069 1239 1211 1304 laudauit
1232 1239 1446 1303 Ambrosium.

305 1347 401 1412 habes
420 1347 536 1410 librurn
557 1351 589 1412 et
603 1347 751 1412 molestia
764 1345 973 1429 longitudinis
992 1349 1024 1410 et
1042 1345 1230 1410 difficultate
1252 1345 1446 1427 quaestionis

305 1475 398 1537 quam
409 1455 487 1518 mihi
501 1453 563 1518 fuit
576 1454 615 1517 ad
630 1453 823 1530 dictandum,
838 1455 903 1516 tarn
919 1452 979 1516 tibi
995 1452 1033 1516 ad
1046 1452 1217 1536 legendum
1233 1451 1446 1535 negotiosum,

305 1560 420 1642 quibus
448 1559 611 1641 particulis
640 1563 819 1642 temporum
847 1562 878 1622 te
911 1559 1051 1622 inuenire
1083 1559 1189 1639 potnit
1222 1563 1278 1622 aut
1308 1557 1492 1641 potueritis

305 1667 451 1731 otiosum.
467 1686 560 1748 quem
575 1666 726 1748 profecte,
738 1669 890 1748 quantum
906 1683 954 1727 me
971 1664 1118 1728 deminus
1134 1664 1283 1728 adiuuare
1300 1664 1447 1746 dignatus
1470 1680 1471 1683 ’

305 1775 364 1849 est,
394 1773 586 1846 elaboratum
615 1773 696 1836 inter
724 1771 956 1836 ecclesiastieae
985 1789 1076 1834 eurus
1105 1789 1191 1834 meas
1220 1790 1281 1835 nen
1312 1769 1372 1833 tibi
1403 1770 1447 1832 in·

305 1897 443 1964 gererem
467 1879 549 1942 inter
571 1879 714 1962 publicas
738 1882 821 1956 tuae,
845 1878 907 1943 nisi
927 1878 964 1941 ab
984 1878 1110 1942 homine
1131 1877 1190 1954 dei,
1212 1877 1315 1959 quite
1335 1875 1447 1940 famili-

305 1985 389 2048 arius
423 1985 522 2062 nouit,
556 1985 726 2062 audissem,
761 1985 843 2067 quud
877 1989 943 2048 tam
975 1984 1111 2047 libenter
1142 1983 1242 2067 legas,
1280 1985 1318 2046 ut
1354 1982 1448 2045 etiarn

304 2095 473 2156 nocturnas
498 2091 619 2173 aliquas
643 2091 735 2155 haras
758 2091 887 2156 lectioni
910 2091 1081 2174 uigilanter
1103 2090 1264 2172 inpendas
1467 2111 1493 2152 rs

393 2284 409 2334 2
429 2282 461 2336 ef.
482 2299 507 2351 p.
530 2283 589 2349 159,
610 2284 643 2336 25

340 2406 438 2474 4flos]
457 2405 598 2458 lucetllos
622 2405 647 2457 Τ
708 2405 860 2459 GessetB
932 2403 1199 2475 peneteatm.1K
1270 2419 1332 2471 ergo
1353 2401 1452 2456 om.T

307 2493 478 2564 quod—eum
497 2511 546 2547 orn.
571 2495 595 2546 Τ
694 2495 707 2546 7
727 2493 971 2546 ne-Anrbrosiurn
990 2509 1040 2546 om.
1059 2493 1087 2546 B
1188 2495 1317 2562 peneteat
1334 2507 1369 2547 m.
1388 2495 1402 2542 1
1420 2489 1453 2542 K

305 2583 393 2636 etun
412 2599 462 2636 orn.
483 2583 510 2634 P
603 2581 759 2635 dictandum
778 2581 929 2635 laboriosus
950 2581 1109 2649 (laboriosus
1128 2597 1149 2633 s.
1170 2582 1198 2648 l)
1217 2581 1248 2634 F
1337 2579 1370 2632 10
1390 2579 1447 2646 aut]

305 2688 336 2724 ee
355 2673 384 2725 E
428 2671 460 2724 12
479 2675 618 2740 iungerent
637 2671 665 2722 B
712 2673 743 2724 13
763 2671 842 2722 nouit
860 2669 1020 2722 familiarius
1039 2671 1066 2722 P
1108 2670 1139 2723 15
1160 2669 1269 2723 Subscr.
1290 2667 1367 2722 codd.
1386 2667 1450 2719 aride

304 2763 335 2814 a'n
348 2777 414 2830 puy.
433 2777 505 2828 aequ.
