3410 4952
426 286 467 340 de
495 287 651 356 nuptiis
681 290 717 340 et
744 285 1075 356 concupiscentia
1102 285 1133 341 11
1158 289 1228 342 2-4
1336 292 1400 356 255

255 481 318 546 ista
345 482 463 564 poenit,
493 501 572 564 qnae
600 481 737 546 refutare
766 484 896 546 conatus
925 484 989 545 est:
1014 481 1222 548 ‘damnatores
1250 503 1307 549 nos
1332 505 1401 550 esse

256 588 437 669 nuptiarum
462 589 629 670 operisque
654 588 763 666 diuini,
789 607 850 671 quo
875 608 910 652 ex
938 588 1079 652 maribus
1109 591 1141 654 et
1167 589 1293 653 feminis
1323 591 1400 655 deus

257 695 400 758 homines
425 697 520 771 creat,
543 695 792 760 inuidiosissima
817 695 990 773 clamitant,
1016 695 1162 777 quoniam
1188 696 1322 760 dicimus
1348 716 1401 761 eos

258 801 313 883 qui
332 801 369 864 dc
393 801 450 864 tali
474 802 694 866 commixtione
718 806 891 866 nascuntur
912 803 1036 866 trahere
1060 801 1212 886 originale
1236 804 1402 884 peccatum

226 914 239 952 ⁵
259 927 374 989 eosque
398 908 436 972 de
460 908 643 990 parentibus
668 909 954 990 qualibuscumque
976 912 1147 973 nascantur
1169 927 1230 974 non
1249 927 1402 992 negamus

258 1014 361 1078 adhuc
394 1033 464 1078 esse
498 1015 557 1078 sub
586 1015 722 1094 diabolo,
750 1015 811 1079 nisi
839 1019 1042 1080 renascantur
1068 1016 1101 1078 in
1129 1014 1274 1096 Christo!
1296 1015 1329 1078 in
1352 1014 1402 1078 his

256 1122 362 1186 uerbis
386 1121 467 1186 meis
490 1121 708 1188 testimoninm
729 1121 865 1204 apostoli
884 1123 968 1204 qnod
985 1121 1161 1204 interposui
1179 1121 1402 1204 praetermisit,

257 1229 348 1293 cuius
373 1248 407 1293 se
430 1230 532 1310 premi
554 1248 669 1314 magna
687 1229 770 1292 mole
790 1229 954 1294 sentiebat.
979 1249 1037 1311 ego
1057 1229 1140 1293 enim
1160 1249 1232 1293 cum
1253 1228 1401 1292 dixissem

258 1334 400 1399 homines
434 1341 524 1399 natos
557 1336 681 1399 trahere
715 1335 867 1418 originale
899 1338 1076 1417 peccatum,
1109 1355 1180 1399 mox
1212 1335 1273 1398 hoc
1308 1335 1403 1398 intuli

214 1452 240 1492 10
259 1441 344 1523 qnod
359 1441 522 1523 apostolus
539 1442 597 1505 ait:
615 1461 803 1523 perunum
822 1442 1006 1506 hominem
1026 1444 1222 1524 peccatum
1241 1440 1404 1504 intrauit

257 1549 294 1612 in
331 1549 508 1613 mundum
542 1551 578 1612 et
605 1568 669 1631 per
696 1551 892 1630 peccatum
922 1569 1037 1632 mors3
1067 1552 1103 1613 et
1131 1549 1184 1613 ita
1211 1549 1247 1612 in
1277 1567 1402 1614 omnes

258 1655 430 1718 homines
459 1655 695 1737 pertransiit,
719 1655 755 1717 in
786 1673 855 1737 quo
889 1674 1013 1720 omnes
1046 1659 1310 1738 peccauerunt.
1340 1674 1402 1736 quo

258 1761 450 1836 testimonio,
470 1764 508 1824 nt
527 1761 673 1839 diximus,
693 1761 915 1843 praetermisso
941 1765 1043 1826 cetera
1060 1763 1115 1826 ille
1135 1761 1304 1840 contexuit,
1325 1780 1403 1842 quae

228 1921 230 1925 ,
260 1886 354 1948 supra
378 1870 622 1932 commemorata
647 1871 730 1931 sunt.
755 1868 846 1932 nouit
874 1867 957 1931 enim
986 1867 1252 1948 quemadmodum
1283 1868 1407 1932 soleant

216 1989 240 2028 1⁵
258 1974 336 2038 haee
356 1973 451 2036 uerba
470 1974 654 2056 apostolica,
675 1993 754 2055 qnae
772 1974 995 2055 praetermisit,
1015 1975 1155 2056 accipere
1175 1975 1403 2038 catholicorum

258 2079 353 2143 corda
375 2079 527 2144 fidelium.
558 2099 637 2162 quae
660 2080 759 2144 uerba
780 2083 846 2144 tam
869 2083 956 2144 recta
979 2085 1011 2144 et
1033 2084 1121 2144 tanta
1147 2081 1219 2145 luce
1249 2080 1403 2165 fulgentia

258 2185 434 2250 tenebrosis
468 2189 500 2250 et
531 2185 684 2251 tortuosis
716 2185 1031 2268 interpretationibus
1063 2186 1139 2251 noni
1171 2187 1322 2250 haeretici
1350 2187 1403 2250 ob·

260 2310 384 2356 scnrare
405 2295 436 2354 et
460 2292 627 2374 deprauare
651 2293 835 2356 moliuntur.

304 2398 333 2461 4.
358 2397 477 2463 Deinde
501 2399 563 2462 alia
580 2417 651 2463 mes
669 2399 766 2462 uerba
785 2399 956 2476 subtexuit,
976 2398 1033 2463 ubi
1052 2397 1128 2463 dixi:
1149 2404 1216 2463 ‘nec
1235 2398 1406 2462 adnertunt

216 2522 241 2560 2⁰
261 2505 346 2586 quod
368 2505 414 2569 ita
436 2506 618 2587 nuptiarum
641 2506 759 2570 bonurn
783 2506 866 2570 malo
891 2505 1046 2589 originali,
1066 2504 1150 2586 quod
1167 2504 1240 2568 inde
1258 2503 1404 2579 trabitur,

260 2631 320 2676 non
340 2615 448 2695 potest
466 2613 617 2690 accusari,
638 2612 720 2678 sicut
739 2612 965 2676 adulteriorum
981 2616 1013 2676 et
1026 2611 1269 2676 fornicationum
1286 2611 1404 2674 malum

261 2719 341 2782 bono
365 2719 512 2796 naturali,
537 2719 621 2800 quod
648 2719 721 2782 inde
748 2719 899 2796 nascitur,
928 2738 988 2782 non
1017 2721 1125 2801 potest
1153 2719 1308 2793 excusari;
1332 2737 1405 2781 nam

262 2825 345 2888 sicut
367 2829 544 2905 peccatum,
570 2825 638 2888 sine
663 2825 735 2889 hinc
755 2826 824 2890 siue
842 2825 915 2889 inde
934 2825 1087 2904 trahatur,
1108 2845 1187 2906 opus
1208 2828 1257 2889 est
1276 2824 1404 2908 diaboli,

262 2930 436 3008 sichomo,
462 2931 530 2995 siue
554 2931 627 2994 hinc
652 2931 720 2995 siue
748 2931 819 2996 inde
848 2933 1005 3009 nascatur,
1036 2951 1115 3015 opus
1140 2934 1190 2995 est
1213 2931 1285 2995 dei)
1310 2931 1404 2995 etiam

218 3052 243 3092 aa
261 3035 313 3099 hic
337 3055 373 3099 ea
395 3036 618 3117 praetermisit,
643 3036 673 3099 in
698 3037 813 3118 quibus
838 3057 928 3102 aures
949 3038 1120 3102 catholicas
1139 3038 1258 3102 timuit.
1278 3057 1350 3102 nam
1369 3041 1407 3102 ut

351 3297 366 3348 2
387 3296 419 3350 cf.
439 3315 464 3366 p.
485 3297 545 3361 211,
566 3299 581 3350 1
638 3297 671 3352 10
689 3297 765 3352 Rom.
785 3298 859 3366 5,12
916 3299 948 3352 19
968 3299 1001 3352 cf.
1020 3317 1046 3368 p.
1067 3300 1159 3367 212,8
1179 3303 1207 3354 et
1226 3299 1276 3370 Op.
1296 3300 1360 3369 imp.
1381 3316 1403 3353 c.

262 3383 314 3437 Iul.
333 3383 347 3437 1
366 3385 400 3437 22

299 3561 396 3613 lesse
420 3559 515 3614 nosG
619 3561 824 3616 3clamitat0
928 3565 1010 3617 5eos
1031 3564 1076 3632 qui
1099 3564 1125 3616 T
1142 3579 1240 3632 eosque
1261 3564 1307 3632 qni
1328 3563 1407 3616 CFE

264 3648 499 3719 qnalibetcnmque
518 3649 545 3702 A
617 3649 801 3720 Scpprimib
875 3653 1048 3722 berigenale
1066 3652 1100 3706 K
1173 3653 1225 3706 hoc
1244 3652 1336 3720 intuli]
1357 3651 1403 3704 ad-

263 3737 336 3791 iunxi
359 3739 421 3792 de
439 3740 473 3808 cf.
497 3738 545 3807 Op.
565 3739 627 3807 irrep.
648 3756 670 3793 c.
689 3737 746 3793 lor.
766 3738 787 3792 I
803 3741 843 3792 22
949 3741 981 3794 10
1001 3741 1083 3810 qnod]
1103 3739 1136 3794 de
1157 3757 1208 3809 quo
1228 3740 1261 3793 K
1265 3739 1351 3794 VPbd
1368 3743 1403 3808 cs.

267 3825 314 3895 Op.
333 3827 397 3896 imp.
417 3843 438 3882 c.
458 3828 605 3881 Iulianum
624 3829 645 3881 I
660 3832 700 3882 22
786 3829 819 3882 12
837 3829 1013 3898 pertransibit
1031 3829 1058 3881 P
1136 3831 1168 3883 13
1188 3832 1219 3882 ut
1238 3829 1352 3882 diximus
1372 3831 1405 3883 ire

265 3931 312 3983 my.
332 3915 369 3968 M
429 3917 477 3970 illa
499 3915 798 3987 TFKVPBSWAmp
817 3918 852 3986 cf.
874 3917 923 3988 Op.
942 3919 1006 3986 imp.
1026 3933 1047 3971 c.
1066 3917 1123 3970 Iul.
1143 3918 1164 3970 I
1180 3921 1220 3972 22
1278 3919 1405 3972 conexuit

269 4002 561 4058 TKRVPBMWAm
581 4007 724 4060 connexuit
738 4005 779 4076 Sp
842 4006 875 4060 14
895 4005 1176 4075 quemammodumK
1224 4008 1255 4060 17
1272 4009 1309 4076 et]
1331 4007 1408 4062 acN

264 4092 502 4162 interptationibus
522 4093 555 4146 K
614 4095 727 4148 heretici
746 4094 814 4148 ΚΜ
859 4095 891 4148 19
911 4095 994 4148 uerba
1011 4111 1072 4150 mea
1089 4094 1261 4164 BMSWAp
1306 4096 1340 4150 22
1360 4113 1404 4150 ac·

266 4182 353 4234 cnsari
370 4183 397 4234 B
416 4183 536 4236 excusari
556 4185 597 4250 (er
614 4183 646 4236 irc
664 4184 730 4251 ros.)
748 4182 778 4236 F
