3388 4946
308 326 371 388 180
662 325 688 375 S.
717 323 852 376 Aureli
878 322 1094 392 Augustini

307 517 390 580 enim
414 536 491 598 quas
515 517 647 580 Romam
671 517 760 580 misit
783 517 822 580 ad
845 517 955 581 beatae
975 519 1145 582 memoriae
1167 538 1282 603 papam
1299 520 1449 584 Innocen-

306 623 398 701 tium,
422 623 569 705 quoniam
593 642 666 686 eum
685 623 716 686 in
736 642 864 706 corpore
884 643 945 687 non
964 623 1153 689 inuenerunt
1173 627 1205 688 et
1223 628 1330 690 sancto
1350 645 1449 708 papae

307 729 431 795 Zosimo
461 729 552 794 datae
580 733 655 794 sunt
682 734 776 812 atque
804 730 843 794 ad
870 750 927 795 nos
955 731 1028 795 inde
1061 731 1206 812 directae,
1238 731 1316 796 dicit
1347 752 1381 796 se
1409 733 1446 794 ab

307 837 488 902 hominibus
501 837 656 912 infamari,
676 837 760 918 quod
774 840 869 920 neget
885 837 1027 920 paruulis
1046 838 1199 922 baptismi
1217 844 1448 904 sacramentum

307 947 339 1008 et
362 943 479 1024 absque
507 923 720 1024 redemptione
746 943 863 1008 Christi
891 945 1050 1026 aliquibus
1079 946 1236 1010 caelorum
1260 965 1356 1029 regna
1378 966 1446 1028 pro·
1478 965 1493 1002 e

243 1033 246 1040 Δ
306 1053 422 1116 mittat.
447 1050 582 1115 sednon
602 1037 648 1114 sic
666 1051 732 1116 illis
751 1053 828 1116 haec
849 1051 1036 1131 obiciuntur,
1059 1055 1097 1116 ut
1115 1053 1232 1134 posuit.
1258 1073 1330 1117 nam
1348 1073 1448 1136 neque

308 1157 447 1241 paruulis
467 1160 584 1240 negant
602 1157 752 1240 baptismi
771 1160 1001 1220 sacramentum
1020 1176 1077 1221 nec
1097 1158 1216 1240 absque
1234 1158 1448 1240 redemptione

308 1263 425 1328 Christi
449 1262 609 1344 aliquibus
638 1263 796 1328 caelorum
824 1282 920 1346 regna
947 1264 1146 1346 promittunt.
1179 1263 1285 1346 itaque
1308 1263 1390 1327 unde
1415 1282 1449 1327 se

308 1370 450 1452 queritur
471 1368 616 1432 infamari
640 1388 676 1432 eo
701 1369 793 1433 modo
818 1368 994 1451 proposuit,
1018 1389 1039 1432 u
1078 1370 1171 1434 facile
1194 1373 1304 1452 posset
1327 1370 1448 1433 crimini

307 1477 430 1540 obiecto
454 1476 543 1540 saluo
568 1494 625 1539 suo
649 1475 796 1558 dogmate
818 1475 1014 1556 respondere.
1471 1499 1496 1534 ιο

351 1582 467 1646 XVIII.
492 1581 637 1646 Obicitur
661 1585 765 1645 autern
790 1582 867 1658 illis,
902 1583 985 1664 quod
1013 1601 1074 1647 non
1098 1583 1275 1664 baptizatos
1298 1584 1447 1664 paruulos

307 1689 419 1753 nolunt
442 1687 634 1753 damnationi
656 1689 750 1770 primi
778 1688 915 1752 hominis
941 1689 1090 1754 obnoxios
1119 1689 1261 1754 confiteri
1285 1693 1316 1752 et
1338 1691 1370 1753 in
1395 1710 1448 1755 eos

306 1797 457 1860 transisse
472 1795 622 1878 originale
636 1799 800 1876 peceatum
820 1796 1053 1878 regeneratione
1072 1796 1280 1880 purgandum,
1300 1797 1447 1876 quoniam

307 1904 434 1984 propter
458 1901 674 1984 accipiendum
698 1919 828 1984 regnum
849 1903 1005 1985 caelorum
1029 1902 1247 1966 tantummodo
1272 1920 1325 1966 eos
1349 1903 1449 1984 bapti-

308 2008 421 2072 zandos
442 2027 511 2072 esse
531 2007 737 2071 contendunt:
759 2007 850 2089 quasi
869 2011 992 2089 praeter
1009 2027 1143 2091 regnum
1162 2010 1321 2073 caelorum
1335 2009 1448 2072 habere
1471 2029 1496 2065 rs

307 2115 368 2177 nisi
393 2118 549 2177 aeternam
573 2116 706 2178 mortem
730 2113 854 2196 possint
877 2113 931 2196 qui
955 2113 1020 2177 sine
1043 2114 1285 2196 participatione
1309 2115 1448 2197 corporis

308 2225 339 2284 et
363 2219 525 2302 sanguinis
550 2219 669 2284 domini
692 2224 848 2284 aeternam
872 2221 973 2284 uitam
998 2221 1111 2284 habere
1130 2241 1191 2286 non
1210 2225 1352 2302 possunt.
1376 2241 1449 2286 ecce

308 2327 390 2408 quod
425 2326 469 2390 eis
503 2325 639 2389 obicitur
671 2325 708 2389 de
741 2327 899 2408 baptismo
932 2329 1148 2408 paruulorum,
1181 2348 1241 2390 non
1275 2327 1359 2408 qnod
1380 2328 1449 2410 ipse

307 2434 352 2496 ita
383 2433 558 2515 proposuit,
591 2435 628 2496 ut
658 2433 760 2515 possit
793 2450 868 2496 suae
896 2433 1104 2515 propositioni
1133 2435 1224 2515 quasi
1252 2434 1448 2498 aduersantis

308 2539 478 2604 obiectioni
502 2539 676 2602 secundum
701 2559 757 2602 sna
782 2537 931 2621 dogmata
954 2539 1151 2621 respondere.
1467 2560 1498 2598 ro

353 2647 404 2710 20.
431 2645 572 2726 Denique
601 2644 757 2725 quomodo
785 2644 972 2728 respondeat
1000 2645 1155 2710 aduertite
1184 2651 1215 2710 et
1243 2647 1348 2712 uidete
1372 2647 1450 2712 late·

307 2753 379 2816 bras
404 2751 622 2834 ambiguitatis
651 2751 783 2815 falsitati
809 2770 993 2832 praeparare
1020 2753 1142 2836 refugia
1166 2753 1352 2818 offundendo
1378 2755 1449 2817 cali-

309 2858 414 2939 ginom
442 2857 580 2934 ueritati,
613 2857 658 2920 ita
689 2864 726 2920 ut
754 2857 848 2920 etiam
877 2877 933 2922 nos
964 2877 1034 2922 oum
1063 2859 1200 2941 primum
1233 2879 1269 2923 ea
1301 2861 1449 2944 legimus,

306 2967 393 3027 recta
411 2965 464 3026 uel
483 2965 623 3028 correcta
641 2963 868 3043 propemodum
887 2965 1104 3047 gauderemus.
1124 2965 1179 3029 sed
1198 2967 1328 3032 latiores
1344 2967 1451 3049 dispu-

308 3071 444 3134 tationes
465 3069 533 3132 eius
553 3069 584 3131 in
605 3068 704 3145 libris,
731 3069 784 3131 nbi
803 3089 837 3133 se
858 3071 1091 3151 quantumlibet
1110 3072 1239 3153 operiat,
1263 3075 1450 3156 plerumque
1468 3089 1498 3132 25

309 3175 427 3256 aperire
447 3175 657 3256 compellitur,
676 3176 818 3240 iecerunt
836 3178 926 3242 nobis
947 3185 979 3241 et
992 3178 1055 3242 ista
1070 3184 1228 3261 suspecta,
1247 3185 1284 3244 ut
1298 3183 1449 3246 attentius

307 3283 466 3345 irridentes
489 3280 703 3344 inueniremus
727 3282 885 3366 ambigua.
919 3303 991 3346 curn
1019 3284 1102 3348 enim
1127 3285 1257 3351 dixisset
1279 3307 1451 3370 numquam

310 3407 343 3452 se
368 3387 420 3450 uel
438 3386 559 3467 inpium
584 3387 719 3467 aliquem
743 3388 936 3452 haereticum
960 3390 1095 3470 audisse,
1120 3393 1174 3474 qui
1197 3394 1256 3456 hoc
1275 3395 1359 3476 quod
1382 3415 1450 3477 pro-

309 3493 417 3575 posuit
432 3493 468 3555 de
483 3493 623 3574 paruulis
644 3493 770 3568 diceret,
792 3495 902 3559 deinde
922 3496 1058 3562 subiecit
1076 3501 1171 3580 atque
1190 3500 1246 3563 ait:
1267 3501 1348 3581 ‘quis
1368 3502 1450 3565 enirn

308 3600 353 3661 ita
377 3598 575 3680 euangelicae
598 3599 743 3664 lectionis
767 3601 895 3684 ignarus
920 3606 978 3680 est,
1008 3605 1062 3686 qui
1085 3605 1144 3671 hoc
1168 3627 1228 3672 non
1253 3608 1345 3673 modo
1369 3608 1450 3672 affir·
1469 3626 1499 3665 ³0

310 3723 394 3768 mare
424 3707 562 3782 conetur,
596 3705 650 3767 sed
679 3708 732 3788 qui
760 3710 813 3771 uel
840 3709 954 3772 leuiter
987 3710 1088 3774 dicere
1120 3715 1175 3776 aut
1206 3713 1302 3777 etiarn
1334 3715 1449 3778 sentiro

345 3912 408 3964 ain
428 3928 535 3979 corpore
555 3929 615 3966 eum
638 3913 827 3969 GGbTPVbd
880 3917 986 3970 8unde
1006 3919 1184 3988 sequiturM
1235 3919 1453 3974 9informariC

311 4000 341 4052 11
359 3998 430 4067 quod
443 4017 496 4052 non
511 4001 638 4069 paruulos
657 4003 709 4054 nisi
728 4003 880 4072 baptizatos
894 4006 984 4058 nolint
1003 4006 1028 4058 V
1064 4009 1095 4060 14
1109 4007 1261 4076 baptizatos
1281 4009 1304 4061 V
1342 4010 1374 4062 15
1389 4027 1450 4078 pro·

309 4087 420 4157 pterM
466 4090 498 4140 16
518 4089 580 4158 nisi]
601 4107 655 4143 non
679 4091 704 4143 V
755 4095 925 4146 rnortemM
975 4097 1145 4163 possuntM
1192 4097 1224 4150 18
1243 4097 1452 4167 baptismateC

308 4204 344 4256 20
364 4202 522 4257 abiectionis
542 4205 579 4257 M
629 4207 663 4259 22
683 4207 854 4261 obtundendo
877 4210 969 4263 crea
987 4215 1055 4264 m.1
1109 4211 1320 4277 301'rqum0
