3396 4932
297 439 323 500 X
758 434 976 486 Praefatio.

175 700 179 706 ,
252 619 277 682 L
340 632 443 714 Atque
467 630 707 694 uetustissimus
737 629 833 694 codex
862 632 911 692 est
938 629 1212 693 Laurentianus
1243 628 1306 714 (Pl.
1329 629 1437 692 XVIII

297 738 376 802 dext.
393 739 461 805 cod.
477 739 534 823 IV)
549 738 680 802 membr.
701 737 834 800 miscell.
855 737 886 799 in
907 735 943 799 40
963 737 1036 800 min.
1056 755 1138 799 nuno
1158 757 1186 802 n.
1209 737 1272 799 193
1292 737 1437 820 signatus

295 845 349 909 fol.
376 847 437 908 195
464 866 488 908 s.
513 844 592 908 XIII
619 847 750 908 exeunte
779 843 929 924 scriptus.
958 844 1009 906 bic
1037 845 1192 907 tractatus
1220 843 1274 906 sol.
1306 843 1435 906 73-89

296 954 438 1033 occupat.
457 951 538 1014 liber
557 952 593 1014 ab
614 969 675 1013 uno
694 949 820 1013 librario
841 950 1003 1013 confectus
1022 969 1118 1012 manu
1138 949 1199 1012 alia
1217 949 1302 1013 baud
1321 967 1437 1012 coaeua

295 1058 404 1140 paucis
436 1058 516 1122 Iocis
550 1060 709 1120 correctus
743 1059 799 1120 est.
833 1057 1090 1138 compendiorum
1115 1075 1193 1119 usus
1217 1055 1437 1119 immodestior

296 1167 353 1240 est,
383 1161 567 1244 compendia
593 1162 662 1244 ipsa
692 1161 869 1224 charactera
896 1161 952 1224 illa
980 1164 1080 1224 aetate
1109 1161 1264 1224 usitatum
1296 1179 1369 1242 prae
1402 1179 1435 1223 se

295 1271 406 1333 ierunt.
432 1271 506 1332 sunt
534 1269 628 1332 etiam
659 1287 738 1348 quae
769 1269 808 1330 ad
830 1267 998 1350 degendum
1024 1265 1201 1330 difficiliora
1225 1267 1297 1344 sint,
1321 1270 1358 1329 ut
1382 1267 1436 1348 qui

295 1376 492 1440 describebat
527 1374 621 1438 facile
659 1393 758 1437 errare
783 1374 929 1455 potuerit
959 1373 1065 1449 codex,
1090 1376 1126 1436 ut
1154 1373 1288 1438 Bandini
1310 1373 1341 1436 in
1368 1372 1434 1436 Cat.

293 1480 338 1545 IV
362 1483 423 1544 531
450 1483 594 1556 testatur,
618 1481 649 1543 in
675 1480 854 1544 Florentino
881 1478 911 1542 S.
941 1479 1049 1544 Crucis
1079 1480 1229 1544 coenobio
1254 1479 1331 1543 Min.
1357 1479 1436 1543 Con-

294 1589 492 1652 uentualium
521 1587 747 1650 adseruabatur
774 1587 857 1650 unde
885 1587 916 1649 in
944 1586 1171 1650 bibIIotbeeam
1194 1587 1435 1650 Laurentianam

294 1695 466 1758 translatus
491 1697 549 1760 est.

251 1797 278 1861 U
339 1798 440 1864 Codex
471 1800 629 1866 Urbinas
659 1802 701 1864 84
730 1838 773 1846 -
802 1801 883 1882 apud
912 1799 1134 1863 Benedictinos
1163 1820 1192 1862 n.
1219 1800 1280 1862 118
1305 1817 1377 1880 prae
1402 1817 1435 1861 se

293 1908 353 1970 fert
379 1945 417 1953 -
443 1907 573 1970 membr.
598 1907 686 1970 misc.
710 1907 740 1968 in
765 1907 841 1970 folio
867 1926 892 1970 s.
916 1907 974 1969 XV
999 1910 1142 1970 exaratus
1166 1906 1251 1970 foliis
1276 1907 1340 1969 248
1366 1923 1436 1969 con·

294 2017 366 2088 stat,
392 2031 525 2092 quorum
550 2013 611 2076 duo
637 2013 775 2077 oratione
799 2016 923 2076 uacant.
944 2014 1066 2077 numeri
1086 2013 1325 2094 quaternionum
1350 2029 1435 2075 more

293 2119 411 2182 usitato
436 2119 573 2201 appositi
598 2123 685 2194 sunt3
711 2119 828 2202 uiginti
852 2122 1002 2199 quattuor
1026 2120 1187 2201 conspicui
1207 2123 1289 2184 sunt.
1314 2117 1436 2200 capitu-

291 2225 393 2288 lorum
417 2226 539 2288 numeri
563 2227 608 2288 ita
636 2229 794 2301 notantur,
828 2231 865 2288 ut
897 2229 951 2288 aut
982 2225 1145 2306 inscriptio
1178 2227 1251 2288 libri
1284 2228 1339 2288 aut
1366 2225 1434 2286 eius

292 2350 363 2412 pars
392 2331 545 2394 addantur
576 2335 681 2395 uelut:
714 2330 840 2394 Aurelii
863 2329 1035 2413 Arprrstirri
1059 2318 1109 2412 cpe
1132 2331 1284 2412 depastis
1308 2329 1434 2410 Pelagii

292 2437 463 2516 capitulum
481 2440 623 2516 primore
645 2440 758 2517 iurarit
776 2440 808 2500 et
827 2441 963 2500 extremo
984 2438 1086 2519 eapite
1106 2437 1286 2520 apponitur:
1306 2435 1434 2498 Aurelii

291 2542 463 2624 Augustini
487 2543 524 2606 de
545 2546 640 2625 pestis
662 2542 788 2625 Pelagii
811 2548 918 2607 ceretro
940 2543 1142 2608 erlrrerserr'os
1159 2548 1282 2627 proiice
1302 2529 1359 2606 (bei
1380 2527 1434 2604 reri

292 2647 462 2726 capreolum
484 2651 627 2728 primum
654 2647 788 2727 explicit.
816 2647 935 2727 [recipit
963 2649 1134 2728 capitulum
1156 2652 1270 2729 irreipr't
1293 2648 1433 2728 feliciter.

290 2737 371 2818 liber
394 2755 431 2817 ab
451 2773 513 2818 uno
533 2755 636 2818 scriba
659 2754 820 2818 coniectus
841 2755 962 2835 aliquot
984 2755 1063 2819 locis
1088 2760 1299 2820 correcturum
1322 2772 1434 2817 manus

296 2860 430 2924 recentis
455 2863 600 2943 expertus
625 2866 681 2924 est.

253 2969 293 3032 L1
340 2966 443 3030 Codex
462 2967 735 3030 Laurentianus
756 2965 815 3049 (Pl.
830 2967 891 3030 XII
910 2967 978 3033 cod.
996 2966 1051 3052 VI)
1072 2969 1203 3032 membr.
1223 2969 1313 3030 mise.
1335 2967 1435 3030 forma

293 3093 406 3156 magna
430 3094 455 3136 s.
480 3074 538 3136 XV
565 3074 681 3137 fitteris
710 3073 910 3137 nitidissimis
940 3074 1184 3156 diligentissime
1208 3079 1245 3138 ut
1267 3073 1433 3155 perpaucis

291 3180 369 3242 locis
403 3180 579 3262 corrigendi
610 3180 749 3262 uestigia
782 3179 1054 3260 deprehendantur
1087 3182 1225 3262 scriptus
1260 3181 1337 3244 folia
1370 3180 1433 3241 205

293 3285 438 3349 continet.
477 3287 666 3366 opusculum
705 3287 757 3350 fol.
803 3287 976 3349 114-139
1015 3288 1225 3368 amplectitur.
1261 3287 1293 3350 in
1334 3286 1435 3368 prima

290 3392 406 3474 pagina
429 3392 565 3475 insignia
588 3392 690 3475 gentis
714 3393 876 3456 Medioeae
900 3394 1056 3474 impressa
1080 3399 1161 3458 sunt.

249 3498 271 3560 p
336 3498 440 3563 Codex
459 3499 533 3562 oiim
552 3499 806 3566 Faesulanus
831 3519 914 3563 nunc
937 3502 1233 3564 Laurentianus
1255 3502 1282 3564 X
1301 3501 1432 3564 membr.

291 3606 380 3670 misc.
412 3607 443 3670 in
476 3607 551 3671 folio
581 3627 606 3670 s.
634 3607 692 3670 XV
725 3608 961 3690 elegantissime
990 3607 1072 3671 binis
1101 3607 1255 3672 columnis
1289 3611 1432 3672 exaratus

290 3713 375 3776 foliis
401 3715 465 3778 304
489 3717 622 3778 constat.
646 3713 734 3777 tituli
758 3715 954 3798 singulorum
974 3733 1103 3797 operum
1122 3715 1284 3790 rubricati,
1308 3715 1432 3779 litterae

290 3819 426 3883 initiales
462 3821 546 3884 uario
580 3819 683 3882 colore
717 3820 858 3902 depictae
892 3825 974 3885 sunt.
1008 3822 1141 3905 paginae
1173 3822 1291 3904 primae
1325 3840 1432 3903 margo

291 3925 423 4005 picturis
448 3929 577 3989 ornatus
602 3928 634 3988 et
655 3924 832 4009 insignibus
856 3928 959 4010 gentis
984 3927 1145 3991 Mediceae
1168 3927 1344 3992 instructus
1374 3930 1432 3991 est.

291 4031 454 4111 inscriptio
473 4030 549 4096 folio
565 4034 630 4096 200
646 4035 677 4095 et
696 4032 886 4114 subscriptio
906 4033 980 4097 folio
1001 4035 1065 4097 216
1086 4054 1157 4098 curn
1179 4035 1432 4117 praecedentium

292 4137 435 4200 codicum
458 4137 562 4201 titulis
587 4138 794 4203 consentiunt.
820 4139 914 4202 codex
938 4139 975 4202 ab
1000 4158 1061 4203 uno
1080 4140 1207 4204 librario
1232 4141 1431 4222 conscriptus

292 4244 329 4306 ab
354 4243 526 4325 eodemque
546 4248 596 4308 sat
613 4245 725 4308 multis
744 4245 823 4309 Iocis
844 4250 1001 4309 correctus
1022 4247 1117 4310 etiam
1137 4267 1264 4310 manum
1289 4247 1431 4311 emenda-

290 4352 402 4414 tricem
425 4351 544 4433 passim
568 4354 714 4430 expertus
740 4354 800 4416 est.
