3388 4946
599 351 640 403 le
668 355 831 420 peccato
859 352 1057 420 originali
1331 355 1394 416 18?

248 545 401 624 peccam,
424 564 595 626 perunum
615 545 813 627 praecipitati
834 565 945 610 sumus
963 547 995 608 in
1013 554 1158 610 mortem.
1182 565 1238 627 per
1260 547 1395 609 alterum

248 651 422 713 liberamur
444 650 484 713 ad
506 652 618 726 uitam,
650 651 798 732 quoniam
821 652 876 715 ille
900 672 956 715 nos
979 653 1012 715 in
1035 672 1070 716 se
1092 652 1230 734 perdidit
1251 652 1395 714 faciendo

249 756 449 820 uoluntatem
478 776 579 832 suam,
607 777 668 819 non
693 757 774 834 eina,
797 777 815 820 a
839 777 901 838 qno
924 759 1028 821 sactus
1052 770 1112 833 eet,
1139 759 1202 820 iste
1225 778 1282 820 non
1305 758 1336 820 in
1360 777 1396 820 se

249 863 359 926 saluos
390 864 468 926 fecit
494 883 556 926 non
582 863 725 926 faciendo
757 865 956 927 uoluntatem
980 884 1080 940 snam,
1104 864 1162 927 sed
1184 865 1254 926 eins
1286 883 1305 926 a
1331 882 1395 944 qno

218 969 369 1032 emissus
397 974 461 1032 est:
493 970 524 1031 in
553 969 666 1032 horum
695 988 769 1052 ergo
798 970 932 1032 dnornm
960 971 1124 1034 hominnm
1151 989 1248 1033 canna
1268 971 1394 1052 proprie

247 1076 327 1140 fides
362 1077 534 1139 christiana
566 1077 722 1142 consistit.
759 1097 854 1140 unns
891 1088 940 1140 est
977 1079 1072 1141 enim
1106 1077 1197 1139 dens
1230 1080 1267 1138 et
1297 1095 1394 1139 unns

247 1183 436 1246 mediator
454 1183 512 1246 dei
528 1189 564 1246 et
580 1183 780 1250 hominnm.
801 1185 906 1247 homo
922 1184 1099 1248 Christus
1112 1185 1230 1246 Iesus,
1244 1183 1393 1264 qnoniam

247 1310 317 1354 non
348 1296 407 1353 est
434 1290 540 1352 aliud
567 1309 696 1352 nomen
726 1291 794 1352 snb
823 1291 927 1353 caelo
957 1291 1082 1352 datum
1106 1290 1334 1352 hominibus.
1357 1290 1392 1352 in

248 1416 318 1477 qno
352 1400 505 1476 oportet
532 1397 662 1459 saluos
693 1396 781 1458 fieri
804 1416 891 1460 noe.
924 1398 957 1458 et
982 1397 1017 1459 in
1048 1397 1105 1457 illo
1138 1394 1282 1457 defininit
1313 1394 1394 1457 dens

203 1525 228 1563 1⁰
247 1503 363 1566 iidem
388 1503 561 1566 omnibns
589 1503 782 1565 suscitans
810 1502 919 1566 illum
947 1522 966 1565 a
993 1503 1165 1565 mortni&
1194 1502 1301 1584 itaque
1325 1502 1393 1565 sine

247 1611 311 1674 ista
333 1609 407 1688 fide,
439 1611 499 1673 hoc
524 1621 574 1672 est
597 1611 664 1672 sine
687 1609 748 1671 fide
771 1610 866 1672 nnius
890 1609 1072 1672 mediatoris
1095 1607 1146 1671 dci
1174 1611 1206 1671 ct
1228 1608 1393 1671 hominum

247 1717 387 1780 hominis
415 1716 534 1780 Christi
556 1716 641 1790 lesu,
674 1716 742 1778 sine
770 1715 841 1791 fide,
874 1715 1014 1796 inquam,
1044 1715 1285 1778 resurrectionis
1313 1715 1393 1778 eius.

248 1843 344 1904 quam
372 1823 452 1886 dens
480 1822 625 1886 omnihus
654 1821 809 1896 defininit,
842 1841 922 1902 qnae
949 1823 1060 1903 utique
1088 1822 1155 1884 eine
1181 1820 1394 1883 incarnatione

248 1931 318 1992 eius
337 1949 374 1992 ac
397 1939 500 1992 morte
523 1947 584 1990 non
607 1931 714 2008 potest
737 1928 891 1990 ueraciter
909 1928 1009 1991 credi:
1034 1929 1102 1990 sine
1119 1927 1181 1990 lide
1200 1946 1275 2008 ergo
1293 1927 1392 1988 incar-

202 2055 228 2094 55
246 2036 387 2100 nationis
411 2046 443 2098 et
461 2035 571 2097 mortis
591 2042 623 2096 et
641 2035 880 2096 resurrectionis
900 2034 1018 2098 Christi
1036 2053 1093 2097 nec
1112 2034 1259 2114 antiquos
1277 2033 1393 2110 iustos,

249 2145 287 2203 ut
317 2142 397 2204 insti
428 2152 545 2204 essent.
578 2160 596 2202 a
627 2141 767 2220 peccatis
799 2141 941 2220 potuisse
973 2140 1119 2204 muneari
1146 2145 1178 2204 et
1210 2139 1261 2202 dei
1292 2141 1394 2223 gratia

249 2248 416 2311 iustificari
442 2247 560 2309 ueritas
588 2247 759 2308 christiana
785 2265 846 2308 non
879 2245 1015 2322 dubitat
1046 2247 1116 2310 sine
1147 2247 1179 2309 in
1213 2247 1259 2310 eis
1285 2248 1393 2322 metm,

249 2373 330 2434 quos
353 2364 464 2416 sancta
487 2353 644 2432 scriptura
667 2355 904 2428 commemorat,
928 2353 1053 2415 sinain
1077 2353 1135 2427 cis,
1159 2373 1240 2433 qnos
1269 2354 1394 2436 quidem

247 2459 305 2522 illa
328 2478 389 2522 non
413 2466 651 2520 commemorat.
675 2457 731 2520 sed
749 2462 855 2520 lamen
875 2459 976 2520 fuisse
995 2457 1142 2522 credendi
1160 2468 1236 2523 sunt
1254 2459 1306 2522 nel
1324 2470 1398 2522 ante

203 2588 230 2627 20
249 2565 409 2628 diluuium
425 2565 478 2627 nel
492 2563 565 2626 inde
580 2583 682 2644 nsque
696 2563 736 2626 ad
750 2565 852 2646 legem
869 2563 975 2627 datam
990 2564 1041 2626 uel
1052 2565 1154 2647 ipsius
1164 2566 1397 2648 legistempore

248 2692 309 2735 non
334 2671 439 2734 solnm
461 2671 494 2732 in
516 2670 592 2732 filiis
614 2670 745 2734 Israhel.
769 2670 855 2732 sicut
875 2670 1005 2734 fuerunt
1026 2671 1208 2751 prophetae,
1226 2669 1282 2732 sed
1300 2670 1395 2731 etiam

249 2783 336 2841 extra
358 2777 494 2841 eundem
517 2777 682 2857 populum,
705 2777 790 2838 sicut
812 2775 873 2839 tuit
894 2776 963 2838 lob.
987 2781 1019 2839 et
1040 2777 1182 2857 ipsorum
1201 2777 1284 2838 enim
1303 2775 1395 2838 corda

248 2884 358 2948 eadem
386 2883 620 2946 mundabantur
650 2882 833 2946 mediatoris
864 2881 926 2944 fide
958 2887 990 2945 et
1021 2882 1256 2944 diffundebatur
1284 2883 1316 2944 in
1350 2883 1396 2944 eis

249 2993 405 3053 caritas
428 3009 499 3071 per
521 2988 715 3070 spiritum
744 2991 939 3052 sanctum.
968 2989 1024 3069 qui
1050 2989 1120 3050 nbi
1147 2990 1238 3051 nult
1265 2989 1397 3070 spirat

202 3119 228 3158 2⁵
248 3115 310 3159 non
334 3097 448 3159 merita
470 3114 617 3175 aequone,
641 3093 697 3156 sect
720 3095 815 3156 etiam
838 3094 908 3174 ipea
931 3095 1043 3156 merita
1068 3095 1197 3158 faciem.
1223 3114 1285 3158 non
1312 3095 1396 3156 enim

250 3203 301 3265 dei
320 3203 423 3284 gratia
441 3202 543 3284 gratia
562 3201 620 3262 erit
639 3201 705 3262 ullo
724 3199 827 3275 modo,
847 3200 910 3262 nisi
928 3202 1067 3282 gratuita
1083 3202 1179 3264 fuerit
1193 3203 1278 3264 omni
1293 3201 1396 3264 modo.

295 3311 348 3371 29.
374 3305 532 3385 Quamuis
556 3325 630 3387 ergo
654 3325 758 3368 mors
785 3308 1023 3387 regnauerit
1052 3308 1096 3369 ab
1120 3308 1239 3370 Adam
1268 3328 1395 3388 nsque

250 3415 296 3478 ad
324 3415 500 3496 Moysen,
529 3414 603 3494 quia
631 3431 691 3474 non
718 3430 788 3473 eam
815 3413 921 3492 potnit
943 3414 1070 3477 uincere
1093 3434 1151 3477 nec
1174 3415 1223 3477 len
1247 3414 1319 3476 data
1342 3434 1398 3494 per

338 3708 410 3761 455.
429 3707 488 3760 Ich.
506 3708 533 3768 5,
551 3706 599 3767 ce
619 3707 645 3760 5.
664 3704 698 3756 co
752 3703 888 3757 etnim.
907 3705 968 3766 25
1027 3707 1123 3758 enee,
1141 3709 1168 3762 5,
1189 3709 1223 3759 12
1280 3710 1394 3762 1033,

251 3799 294 3860 17,
313 3798 346 3851 31
403 3797 534 3850 ‘zottone
555 3792 784 3858 5.‚10h.3,8
834 3793 1065 3860 excannio

286 3972 461 4040 2qncniarn]
483 3968 635 4038 qnorumd
674 3969 751 4020 cest
770 3968 867 4020 om.C
907 3969 1066 4036 9cportcat
1088 3968 1277 4020 CChTPth
1346 3989 1395 4023 ms

249 4063 342 4116 saluos
360 4061 418 4113 fieri
440 4056 626 4111 cthfpt'td
733 4056 765 4108 13
784 4055 972 4109 hcminibnsh
1078 4061 1110 4109 15
1129 4061 1319 4111 resnremonis
1336 4061 1399 4114 MC

249 4151 350 4205 nonG
404 4150 436 4202 te
456 4147 592 4200 cisinstis
612 4145 649 4196 ort
701 4144 735 4196 20
755 4142 846 4194 datam
864 4144 989 4212 legcmh
1044 4148 1076 4198 21
1097 4147 1260 4198 tammo!
1312 4151 1395 4203 ctiam

250 4259 302 4294 om.
324 4239 377 4292 ΤΡ
430 4234 592 4288 2255515555
612 4232 648 4283 ,tl
700 4232 734 4284 25
753 4233 841 4300 gratia
861 4231 904 4284 dei
925 4233 949 4286 C
1019 4236 1107 4301 gratia
1127 4235 1175 4289 atr.
1194 4236 1281 4289 caah
