3396 4932
691 392 912 446 Praefatio.
1294 396 1372 460 XIII

98 599 102 659 I
229 589 375 666 dicineum,
397 587 478 650 6666
510 590 593 651 enirn
618 587 856 665 possibilitatem
884 587 961 651 decos
984 608 1068 670 sqq.;
1097 589 1150 653 fol.
1178 589 1217 652 27
1245 586 1311 670 (br,
1337 587 1370 670 3)

228 695 321 758 Nibit
343 697 585 760 controuersiam
608 693 826 756 coercendam:
848 693 901 756 Ito
920 694 994 757 iibri
1018 699 1201 772 constanter,
1224 694 1372 773 fortasse:

228 801 310 865 bibit
323 803 529 880 coritroocrsip
542 800 594 864 667
607 802 861 863 controuersiam
877 801 1073 879 monendum,
1094 821 1172 884 quae
1192 802 1300 865 eadem
1320 803 1371 864 ad·

228 909 347 972 notatio
364 907 501 972 occurrit
513 907 544 970 in
556 908 596 984 R3
612 907 666 972 tol.
683 909 725 970 28
741 905 798 992 (z
814 909 865 984 98,
878 905 935 992 24)
950 913 1029 972 recte
1044 909 1161 973 codicis
1173 908 1198 970 P
1212 911 1371 972 mutatum

229 1015 260 1077 in
285 1019 368 1078 recto
393 1017 424 1078 et
448 1015 647 1078 adnotatum:
675 1012 753 1092 forte
780 1019 874 1091 recto,
903 1015 987 1094 quod
1009 1015 1094 1078 idem
1118 1015 1149 1078 in
1173 1015 1201 1079 R
1224 1015 1369 1078 habetur.

274 1121 399 1186 Codicis
432 1120 678 1186 Ottoboniani
713 1122 776 1184 783
801 1140 824 1184 s.
847 1119 939 1184 XVII
963 1121 1103 1202 capitula
1126 1140 1197 1185 cum
1222 1120 1369 1186 editionis
1391 1115 1415 1180 Ο

229 1229 429 1291 Velseriaune
458 1227 616 1311 capitibus
646 1224 692 1310 (et
720 1227 766 1291 ed.
797 1227 965 1291 Suarianae
994 1228 1205 1309 capitulorum
1234 1227 1371 1290 numeris

228 1333 376 1418 arabicis)
400 1333 610 1407 consentiunt,
635 1332 731 1396 codex
753 1332 822 1414 ipse
842 1351 858 1395 e
877 1333 956 1396 libro
982 1333 1006 1395 F
1031 1333 1183 1416 originem
1209 1333 1312 1407 duxit;
1333 1333 1371 1396 cf·

230 1443 281 1519 54,
307 1443 326 1503 2
355 1444 479 1516 666666
510 1442 562 1520 54,
588 1441 628 1502 20
652 1438 832 1518 6666676676
864 1441 916 1516 55,
941 1441 961 1503 3
984 1439 1143 1518 ooopoid3
1169 1441 1221 1516 58,
1247 1441 1266 1502 8
1290 1441 1371 1516 siue3

230 1549 282 1625 60,
306 1547 326 1610 4
350 1551 438 1622 66666
465 1546 517 1622 62,
542 1549 561 1609 3
585 1549 652 1609 suis
676 1565 736 1610 om.
767 1547 804 1608 al.
824 1546 880 1609 ubi
899 1566 917 1610 6
935 1549 1023 1610 textu
1044 1546 1187 1622 discedit,
1208 1546 1233 1608 ll
1254 1545 1371 1608 codicis

228 1639 396 1717 lectionem
419 1653 450 1716 in
475 1654 616 1736 margine
640 1653 798 1736 apposuit.
822 1652 974 1717 lectiones
999 1653 1105 1716 uariae
1128 1652 1159 1714 iu
1185 1652 1312 1716 sinistro
1342 1656 1374 1714 et

229 1760 335 1824 dextro
359 1759 499 1842 margine
519 1760 643 1823 additae
667 1761 834 1841 pleraeque
853 1759 1068 1823 discordantes
1088 1759 1261 1840 scripturae
1285 1758 1372 1822 illius

230 1865 346 1929 codicis
360 1868 445 1958 suut2
466 1865 544 1928 aliae
563 1884 665 1928 merae
682 1866 889 1930 coniecturae.
905 1865 1068 1947 inscriptio
1085 1865 1201 1928 codicis
1218 1866 1294 1928 haec
1310 1868 1372 1928 est:

231 1969 340 2035 Sancti
363 1973 536 2053 Aecpnstini
559 1971 776 2051 Hipponensis
804 1973 939 2051 episcopi
968 1972 1043 2036 liber
1071 1971 1222 2052 depastis
1246 1969 1373 2051 Pelagii

230 2083 337 2141 contro
359 2077 573 2142 Aduersorios
597 2081 721 2159 pectine
748 2079 818 2142 Deci
845 2065 910 2140 Nri
936 2078 1011 2142 Iesu
1038 2077 1157 2142 Obristi
1182 2077 1224 2140 ao
1249 2076 1281 2140 S.
1307 2077 1372 2140 An-

228 2184 341 2247 relinoe
368 2187 553 2264 episcopum.
582 2184 636 2248 Er
662 2183 858 2248 Bibliotheca
886 2184 1041 2247 Abbatine
1070 2182 1129 2247 Sti.
1158 2183 1373 2246 Bortbolornci

229 2289 429 2354 Faesutorooe
452 2290 598 2354 dioecesis
622 2291 744 2353 ordinis
767 2289 995 2354 Cooouioornni
1015 2289 1222 2372 Repoloriom
1241 2289 1372 2352 Latern-

229 2399 382 2460 6666666.

275 2503 417 2566 Eundem
441 2506 573 2580 textum,
598 2503 724 2566 easdem
743 2503 895 2567 lectiones
914 2503 1017 2567 uarias
1036 2504 1068 2566 in
1087 2504 1227 2586 margine
1248 2502 1370 2567 additas
1392 2501 1416 2562 B

230 2610 499 2673 consentientibus
516 2610 655 2691 capitum
669 2610 753 2674 notis
768 2609 864 2672 codex
879 2610 1107 2674 Barberinus
1124 2609 1208 2674 XIV.
1226 2612 1265 2672 78
1282 2608 1370 2691 (olim

231 2717 330 2798 3370)
356 2737 380 2779 6.
406 2714 497 2778 XVII
520 2715 573 2778 fol.
598 2717 729 2778 58-80
754 2715 887 2778 exbibet.
911 2719 1018 2780 utrum
1042 2715 1172 2778 Velscro
1202 2718 1233 2778 et
1262 2715 1371 2781 Suario

232 2823 447 2904 apographum
476 2821 593 2885 codicis
629 2819 653 2884 Ο
688 2840 725 2884 66
754 2821 780 2884 Β
809 2821 1032 2886 transmissum
1067 2821 1109 2884 sit
1138 2824 1221 2884 certo
1251 2819 1372 2884 definiri

232 2929 351 3008 nequit.

277 3035 320 3097 Vt
342 3035 440 3116 igitur
462 3035 572 3115 paucis
591 3038 783 3116 repetamus,
805 3035 850 3098 sic
870 3035 1072 3099 statuendum
1093 3039 1155 3099 est:
1176 3035 1301 3100 codices
1319 3033 1373 3098 PR

233 3139 270 3203 de
293 3140 373 3204 libro
398 3140 447 3216 n,
473 3139 596 3204 codices
622 3138 675 3202 ΟΒ
701 3160 737 3204 ex
759 3140 839 3204 libro
868 3141 892 3203 F
921 3140 1071 3223 descripti
1105 3145 1189 3208 suut.
1223 3141 1282 3204 hoc
1310 3159 1371 3204 uuo

231 3247 301 3310 loco
340 3245 462 3332 edoceri
498 3249 690 3328 poteramus,
724 3247 786 3310 uisi
824 3247 991 3310 collatione
1029 3248 1131 3328 priore
1168 3248 1199 3310 in
1238 3267 1371 3311 errorem

231 3352 354 3416 inducti
392 3372 545 3416 essemus.
587 3353 615 3416 is
654 3353 737 3416 enim
774 3353 828 3434 qui
866 3353 949 3434 prior
995 3353 1134 3416 codicem
1171 3353 1196 3416 F
1239 3354 1373 3416 contulit

233 3459 380 3522 adnotare
409 3460 517 3522 omisit
545 3461 597 3536 52,
623 3461 642 3522 3
666 3479 734 3521 coni
758 3481 794 3522 eo
823 3460 977 3523 omissum
1006 3479 1084 3524 esse.
1114 3463 1224 3541 postea
1249 3479 1284 3522 ex
1308 3461 1371 3523 col-

233 3567 349 3628 latione
375 3584 392 3626 a
417 3565 548 3630 Camillo
576 3565 684 3628 Vitelli
709 3565 851 3628 conlecta
870 3584 949 3646 quae
974 3565 1065 3628 nobis
1088 3565 1203 3628 tradita
1228 3569 1277 3628 est
1301 3584 1372 3628 cum

233 3673 309 3736 haec
324 3692 396 3754 pars
411 3672 474 3736 iam
490 3673 574 3755 typis
589 3672 736 3736 mandata
747 3676 831 3736 esset
842 3673 992 3750 uidimus,
1003 3673 1084 3735 unde
1097 3672 1218 3737 Velseri
1229 3675 1260 3735 et
1272 3671 1374 3736 Suarii

234 3780 413 3864 apographa
441 3779 540 3860 petita
569 3781 684 3843 essent.
714 3779 820 3858 itaque
850 3780 901 3859 52,
932 3780 951 3842 3
975 3779 1007 3841 in
1035 3778 1235 3842 adnotatione
1265 3779 1375 3844 critica

235 3885 434 3948 scribendum
451 3888 530 3948 erat:
551 3905 618 3947 6666
639 3906 675 3948 66
694 3905 751 3946 66.
769 3884 810 3947 F.
830 3885 981 3949 lectiones
998 3885 1099 3948 uarias
1123 3885 1242 3948 librarii
1261 3886 1373 3949 horum

235 3991 377 4055 codicum
403 3991 518 4074 partim
543 4011 578 4054 ex
602 3992 673 4054 aliis
693 3991 856 4054 codicibus
876 3993 1066 4073 petiuerunt,
1092 3991 1254 4056 codicibus
1279 3992 1373 4056 desti-

234 4099 297 4160 tuti
320 4098 360 4160 ad
384 4099 580 4162 coniecturas
605 4099 821 4181 confugerunt.

279 4205 313 4266 lu
337 4207 424 4267 textu
448 4205 622 4288 Augustini
645 4205 833 4270 recensendo
858 4224 874 4267 6
898 4205 1008 4288 paucis
1028 4204 1189 4268 codicibus
1209 4222 1308 4284 neque
1329 4204 1373 4267 eis

235 4313 289 4372 aut
304 4313 464 4372 uetustate
476 4311 679 4374 autbonitate
695 4311 874 4396 insignibus
885 4311 922 4374 ad
933 4311 958 4374 L
968 4311 1178 4393 principatum
1190 4311 1373 4387 detulimus,
