3388 4946
608 347 649 399 de
678 349 841 416 peccato
871 346 1069 414 originali
1343 349 1406 410 169

259 544 413 607 Paulinus
439 541 589 606 diaconus
614 540 705 603 dixit:
735 542 870 622 negate
898 538 953 602 illa
977 538 1133 604 docuisse.
1167 538 1315 603 Aurelius
1344 539 1407 622 epi-

262 669 377 732 scopus
407 648 499 712 dixit:
532 665 620 730 rogo,
651 647 727 728 quid
752 646 935 729 collegerim
960 664 1017 728 ego
1042 665 1078 708 ex
1100 646 1196 709 huius
1221 646 1406 722 obiectione,

262 755 341 832 dico,
365 755 466 819 Adam
491 754 685 818 constitutus
704 753 735 816 in
756 753 901 835 paradiso
926 752 1010 834 quod
1035 754 1106 815 ante
1131 752 1254 816 dicatur
1275 753 1406 817 inexter-

260 861 419 925 minabilis
444 861 558 937 iactus,
593 862 706 941 postea
729 879 785 942 per
811 858 1095 942 transgressionem
1120 859 1280 942 praecepti
1302 860 1406 923 iactus
1504 889 1507 892 ·

229 991 242 1032 s
262 969 304 1033 sit
328 968 551 1058 corruptibilis.
581 967 641 1030 hoc
666 966 755 1043 dicio,
785 966 880 1029 irater
902 965 1055 1029 Pauline?
1079 965 1232 1030 Paulinus
1257 967 1406 1030 diaconus

261 1075 353 1139 dixit:
393 1075 461 1152 hoo,
500 1073 634 1138 domine.
674 1072 822 1136 Aurelius
856 1072 1025 1155 episeopus
1059 1072 1149 1135 dixit:
1189 1074 1291 1140 status
1324 1077 1406 1136 certe

259 1181 414 1244 infantum
438 1180 532 1244 hodie
555 1179 816 1262 baptizandorum
840 1183 946 1242 utrum
967 1178 1041 1243 talis
1062 1179 1113 1252 sit,
1135 1179 1237 1261 qualis
1256 1179 1318 1243 fuit
1336 1183 1407 1244 ante

260 1287 543 1371 transgressionem
567 1286 664 1362 Adae,
697 1305 733 1349 an
758 1287 842 1349 certe
867 1285 904 1348 de
929 1285 1038 1349 eadem
1062 1285 1183 1368 origine
1206 1287 1338 1367 peceati,
1369 1286 1406 1349 de

262 1413 323 1476 qua
346 1394 495 1469 nascitur,
520 1392 781 1476 transgressionis
806 1392 930 1474 culpam
949 1393 1064 1470 trahat,
1089 1393 1148 1457 hoc
1167 1391 1406 1456 uultdiaconus

217 1523 242 1559 ro
261 1500 413 1564 Paulinus
442 1500 560 1564 audire.
593 1499 747 1563 Paulinus
776 1499 926 1563 diaconus
956 1499 1047 1564 dixit:
1079 1502 1186 1562 utrum
1217 1499 1325 1563 docuit
1347 1499 1408 1563 hoc

262 1627 299 1670 en
328 1627 389 1670 non
418 1610 523 1690 neget.
558 1605 734 1670 Caelestius
759 1606 851 1670 dixit:
885 1607 948 1669 ianr
972 1607 1010 1669 de
1034 1605 1164 1669 traduce
1187 1607 1309 1686 peccati
1333 1606 1406 1684 diri,

262 1713 335 1794 quia
349 1713 431 1776 intra
446 1712 634 1776 catholicam
650 1713 843 1777 constitutos
859 1713 966 1795 plures
987 1712 1096 1775 audiui
1111 1713 1273 1776 destruere
1287 1732 1407 1778 necnon

263 1822 295 1883 et
318 1819 396 1883 alios
426 1821 576 1893 astruere,
609 1819 686 1883 lieet
709 1819 904 1900 quaestionis
928 1839 977 1883 res
1002 1819 1140 1895 sitista,
1174 1839 1233 1882 non
1258 1820 1405 1883 haeresis

261 1926 397 1988 infantes
422 1944 547 2007 semper
571 1925 632 1989 diri
657 1945 748 2009 egere
771 1925 930 2008 baptismo
955 1944 989 1989 ac
1010 1925 1123 1991 debere
1141 1925 1305 2008 baptizari.
1332 1926 1408 2009 quid

218 2055 243 2093 rs
263 2032 385 2113 quaerit
409 2031 526 2096 aliud'?

306 2139 336 2201 4.
361 2136 483 2220 Nempe
508 2138 635 2201 cernitis
660 2138 707 2202 sic
732 2137 924 2202 Caelestium
949 2138 1145 2202 concessisse
1168 2139 1310 2220 paruulis
1333 2139 1408 2222 bap-

261 2245 405 2319 tismum
439 2247 476 2308 ut
503 2244 534 2306 in
565 2263 618 2308 eos
651 2244 744 2326 primi
777 2244 913 2308 hominis
947 2245 1081 2308 transire
1114 2250 1291 2327 peccatum,
1324 2247 1408 2327 quod

260 2351 387 2415 lauacro
411 2351 655 2434 regenerationis
680 2351 829 2425 abluitur,
858 2351 996 2414 noluerit
1019 2351 1171 2429 confit-eri,
1205 2353 1351 2434 quamuis
1376 2356 1407 2416 et

262 2476 376 2540 negare
399 2477 460 2520 non
484 2476 581 2521 ausus
606 2457 649 2521 sit
673 2461 704 2520 et
727 2461 854 2540 propter
877 2458 957 2521 hanc
977 2458 1207 2522 dubitationem
1232 2477 1321 2522 suarn
1345 2478 1406 2523 non

217 2587 243 2628 eo
262 2563 458 2628 damnauerit
481 2581 535 2627 eos
560 2564 613 2646 qui
638 2563 746 2628 dicunt
772 2563 867 2646 ‘quod
886 2567 1052 2647 peccatum
1071 2565 1157 2628 Adae
1176 2566 1281 2647 ipsum
1303 2567 1406 2629 solum

260 2671 388 2735 laeserit
407 2675 439 2734 et
462 2691 522 2734 non
543 2690 643 2755 genus
661 2671 835 2735 humanum
856 2674 887 2735 et
906 2671 989 2752 quod
1008 2670 1142 2735 infantes
1163 2672 1217 2752 qui
1235 2678 1407 2736 nascuntur

261 2775 293 2838 in
317 2795 353 2839 eo
379 2780 464 2841 statu
490 2778 562 2855 sint,
586 2778 617 2841 in
642 2797 703 2858 quo
727 2778 829 2841 Adam
852 2777 914 2842 fuit
937 2781 1008 2841 aute
1031 2779 1353 2860 praeuaricationem.

307 2883 345 2947 V.
370 2884 400 2949 5.
424 2885 460 2947 ln
483 2885 591 2949 libello
617 2887 733 2962 autem,
768 2904 862 2965 quern
885 2885 1003 2949 Romae
1028 2883 1135 2961 edidit,
1162 2885 1215 2966 qui
1240 2885 1338 2968 gestis
1362 2885 1406 2948 ibi

262 2989 488 3055 ecclesiasticis
514 2992 670 3074 allegatus
695 2994 753 3069 est,
781 2991 827 3054 ita
851 2990 888 3054 de
911 2991 970 3054 hac
994 3011 1026 3054 re
1050 2991 1200 3072 loquitur,
1229 2995 1266 3054 ut
1289 2992 1348 3054 lroc
1373 3011 1406 3056 se

217 3095 387 3160 recredere
412 3097 566 3170 ostendat.
590 3096 673 3160 unde
693 3097 744 3160 hic
764 3096 908 3160 dubitare
929 3116 962 3160 se
983 3097 1109 3160 dixerat.
1132 3116 1203 3160 uam
1223 3096 1320 3160 uerba
1338 3097 1405 3162 eius

260 3203 324 3266 ista
348 3205 434 3266 sunt:
459 3202 605 3266 ‘infantes
634 3205 761 3278 autem,
786 3203 901 3284 inquit,
922 3201 1044 3266 ‘debere
1067 3203 1221 3283 baptizari
1244 3204 1275 3265 in
1299 3204 1407 3267 remis·

262 3309 383 3374 sionem
406 3313 608 3391 peecatorum
633 3310 806 3373 secundum
829 3309 972 3392 regulam
996 3309 1184 3373 uniuersalis
1205 3310 1356 3374 eeclesiae
1377 3315 1408 3374 et

261 3415 435 3479 seeundum
451 3414 609 3497 euangelii
623 3415 810 3478 seutentiam
825 3414 1020 3492 confitemur,
1040 3416 1113 3496 quia
1132 3415 1278 3480 dominus
1294 3417 1408 3480 statuit

353 3692 387 3746 as
407 3693 439 3746 ef.
459 3692 518 3748 loh.
539 3695 563 3761 3,
582 3695 598 3747 5

299 3877 398 3954 2'rego
417 3885 454 3938 P¹
526 3885 715 3940 huiusmodib
760 3885 904 3955 liquando
928 3885 954 3939 V
1025 3889 1099 3955 ante]
1120 3889 1211 3940 autern
1230 3887 1267 3939 P¹
1314 3890 1406 3942 5cor-

263 3975 363 4044 paralio
382 3973 419 4026 P¹
506 3975 686 4028 linfaniium
704 3976 742 4058 Β
823 3974 937 4028 8adam
960 3974 1093 4028 ΟΙιΤΡΡ1
1176 3978 1208 4029 12
1228 3977 1360 4030 constitus
1383 3975 1410 4030 V

265 4063 297 4115 13
318 4065 346 4115 et
364 4079 415 4115 om.
435 4080 469 4115 m.
489 4063 551 4115 1Τ
605 4065 637 4116 14
656 4063 792 4132 baptismii
811 4063 848 4116 M
902 4063 934 4118 15
955 4064 1084 4132 quaeritis
1109 4063 1135 4116 V
1188 4065 1220 4118 16
1240 4067 1406 4119 consensisse

268 4150 370 4203 TPP¹b
422 4152 454 4204 17
473 4152 589 4204 transire
607 4153 687 4220 primi
706 4152 823 4205 hominis
843 4151 880 4205 bd
935 4153 967 4206 18
987 4157 1183 4220 regeneratione
1198 4153 1234 4206 P¹
1290 4154 1323 4206 22
1344 4158 1406 4208 suut

263 4243 332 4293 m.1
354 4239 385 4292 T,
432 4240 465 4293 23
485 4239 721 4310 rollmediditM
773 4242 807 4295 26
826 4241 984 4295 remissione
1002 4241 1051 4294 M'
1278 4237 1280 4242 '
