3382 4924
311 383 374 444 142
679 378 704 429 S
734 377 869 430 Aurem
898 377 1113 445 Augusthm

309 576 375 648 est,
401 580 437 636 et
461 572 578 636 omnis
603 572 665 652 qui
690 572 821 654 diligit
844 591 884 636 ex
909 573 974 635 deo
1001 575 1110 636 natus
1136 575 1193 636 est
1213 575 1249 636 et
1269 571 1452 654 cognouit

309 679 426 756 deum,
460 679 547 761 quia
580 679 669 742 deus
704 679 844 742 caritas
878 683 944 742 est.
971 679 1143 743 secundum
1167 680 1263 743 istam
1288 679 1451 742 caritatem

308 786 422 848 melius
455 786 653 868 intellegitur
686 784 820 847 dictum:
861 785 923 866 qui
955 787 1065 850 natus
1099 789 1156 848 est
1189 804 1228 848 ex
1266 784 1343 861 deo,
1383 804 1451 848 non

307 895 440 973 peccat
460 892 676 974 etquianon
692 894 1000 973 potestpeccare‚
1021 892 1259 972 quiacaritas‚
1279 892 1451 955 secundum

308 1018 402 1079 quam
426 1001 519 1064 natus
545 1017 579 1061 ex
609 998 665 1062 deo
696 1001 754 1072 est,
787 1017 857 1062 non
887 998 965 1081 agit
993 1017 1185 1081 perperam
1214 1016 1280 1062 nec
1308 998 1452 1080 cogitat
1483 1023 1496 1063 a

306 1107 453 1169 malum.
487 1124 557 1168 cum
592 1124 665 1188 ergo
698 1106 809 1185 peccat
841 1105 945 1180 homo,
979 1125 1039 1168 non
1072 1104 1244 1168 secundum
1278 1103 1452 1177 caritatem,

306 1212 363 1276 sed
391 1212 562 1276 secundum
593 1211 800 1292 cupiditatem
833 1215 953 1294 peccat,
986 1212 1160 1275 secundum
1193 1230 1286 1293 quem
1314 1230 1375 1274 non
1404 1214 1453 1273 est

306 1323 398 1382 natus
423 1338 458 1382 ex
483 1318 550 1390 deo,
585 1318 733 1399 quoniam
757 1318 813 1380 illa
836 1319 1044 1400 possibilitas,
1078 1322 1114 1381 ut
1139 1319 1258 1382 dictum
1284 1321 1342 1392 est,
1375 1317 1452 1380 utri-

306 1445 407 1506 usque
430 1425 549 1489 radicis
579 1428 628 1488 est
656 1443 761 1506 capax.
796 1444 868 1488 cum
892 1445 966 1508 ergo
996 1425 1080 1489 dicat
1107 1425 1276 1505 scriptura:
1312 1424 1450 1488 caritas

306 1553 345 1596 er
385 1533 450 1596 deo
489 1535 544 1595 est
585 1532 647 1608 uei,
682 1531 766 1612 quod
808 1535 857 1594 est
892 1532 1165 1612 ampliuspdeus
1204 1531 1343 1595 caritas
1382 1534 1494 1604 estro

305 1658 378 1702 oum
407 1637 605 1719 apertissime
639 1637 755 1701 clamet
786 1638 940 1702 Iohannes
974 1639 1153 1720 apostolus:
1188 1657 1273 1702 occe
1306 1638 1449 1720 qualem

305 1747 504 1809 caritatem
538 1744 641 1807 dedit
668 1745 776 1807 nobis
804 1747 919 1826 pater,
953 1748 993 1809 ut
1020 1745 1097 1808 filii
1125 1745 1184 1808 dei
1212 1763 1388 1808 uocemur
1416 1749 1451 1807 et

305 1852 431 1926 simus,
460 1851 521 1914 iste
551 1850 680 1914 audiens
712 1851 813 1914 ‘deus
847 1851 985 1915 caritas
1011 1852 1078 1916 est’
1106 1870 1200 1933 quare
1225 1851 1326 1914 adhuc
1350 1869 1450 1931 usquc

305 1957 475 2027 contendit,
518 1956 603 2037 quod
641 1975 676 2020 en
714 1957 778 2020 illis
815 1957 919 2021 tribus
951 1957 1170 2021 tantummodo
1203 1957 1449 2038 possibilitatem

303 2065 474 2128 habeamus
495 2083 530 2127 ex
554 2064 622 2141 deo,
642 2064 755 2128 bonam
775 2083 851 2128 uero
870 2066 1068 2128 uoluntatem
1093 2065 1270 2145 bonamque
1294 2064 1448 2128 actionem
1470 2085 1493 2123 ιε

302 2170 476 2233 habeamus
501 2189 536 2232 ex
559 2170 672 2233 nobis?
696 2170 786 2251 quasi
810 2189 884 2234 uero
909 2170 995 2233 aliud
1020 2170 1063 2233 sit
1084 2170 1166 2233 bona
1185 2171 1334 2233 uoluntas
1355 2188 1448 2250 quam

303 2277 429 2352 caritas,
464 2295 557 2356 quam
587 2276 744 2358 scriptura
771 2277 860 2340 nobis
890 2296 959 2340 esse
984 2278 1100 2340 clamat
1124 2296 1160 2339 ex
1183 2276 1240 2340 deo
1266 2279 1298 2339 et
1321 2294 1338 2338 a
1361 2279 1448 2356 patre

304 2382 419 2458 datam,
443 2382 559 2445 attilii
584 2383 652 2445 eius
677 2401 830 2446 essemus,

346 2491 446 2552 XXII.
472 2490 524 2552 23.
548 2488 611 2552 Sed
636 2490 727 2564 forte,
756 2493 793 2552 ut
821 2490 946 2553 daretur
972 2490 1074 2566 nobis,
1097 2489 1316 2571 praecedentia
1339 2489 1449 2552 merita

301 2599 409 2660 nostra
436 2597 588 2672 fecerunt,
622 2596 707 2659 sicut
732 2596 794 2660 iste
823 2596 860 2658 de
890 2597 991 2678 gratia
1019 2597 1068 2660 dei
1101 2597 1198 2660 sentit
1229 2597 1259 2658 in
1289 2615 1326 2660 oo
1357 2597 1447 2667 libro,
1468 2621 1494 2658 nn

303 2721 395 2782 quem
421 2702 460 2765 ad
489 2720 608 2765 sacram
637 2701 794 2784 uirginem
819 2702 956 2782 scripsit,
990 2702 1081 2765 cuius
1107 2702 1202 2764 etiam
1226 2721 1450 2765 commemora-

301 2807 418 2870 tionem
438 2806 514 2869 fecit
533 2807 563 2868 in
584 2807 709 2882 litteris,
731 2826 809 2888 quas
828 2807 961 2870 Romam
980 2807 1077 2871 misit.
1095 2807 1140 2870 ibi
1161 2807 1243 2870 enim
1262 2807 1448 2890 interposito

301 2912 407 2975 iacobi
441 2912 577 2994 apostoli
608 2912 803 2988 testimonio,
842 2933 903 2993 quo
939 2913 995 2977 ait:
1035 2912 1180 2976 subditi
1214 2917 1336 2976 estote
1371 2913 1448 2990 deo,

300 3019 475 3082 resistite
500 3021 622 3081 autem
648 3018 809 3096 diabolo,
835 3022 871 3081 et
894 3019 1020 3101 fugiet
1043 3039 1061 3080 a
1084 3019 1206 3096 uobis,
1232 3019 1397 3104 subiungit
1417 3025 1449 3084 ct

301 3124 390 3188 dicit:
416 3125 565 3188 ‘ostendit
590 3125 746 3206 quomodo
771 3125 916 3188 resistere
941 3125 1111 3188 debeamus
1135 3125 1272 3202 diabolo,
1293 3126 1320 3190 si
1339 3127 1448 3208 utique
1466 3147 1493 3188 aa

300 3231 421 3294 subditi
444 3231 544 3294 simus
569 3231 627 3295 deo
652 3233 783 3313 eiusque
806 3231 949 3296 iaciendo
974 3232 1170 3296 uoluntatem
1191 3233 1332 3296 diuinam
1351 3252 1448 3296 rnore-

300 3356 389 3401 amur
431 3338 563 3420 gratiam
606 3341 636 3401 et
677 3339 801 3402 facilius
839 3357 975 3420 nequam
1013 3339 1140 3421 spiritui
1178 3339 1278 3403 sancti
1316 3339 1447 3420 spiritus

299 3444 414 3506 anxilio
439 3443 646 3507 resistamus’.
672 3464 744 3508 ecce
768 3465 862 3525 quam
881 3446 987 3508 ueraci
1007 3445 1097 3509 corde
1118 3444 1280 3508 damnauit
1297 3445 1329 3507 in
1349 3446 1446 3509 eccle-

300 3550 428 3613 siastico
442 3549 561 3612 iudicio
576 3550 755 3615 Palaestino
772 3569 835 3625 eos,
856 3551 910 3633 qui
925 3551 1035 3614 dicunt
1053 3551 1187 3633 gratiam
1203 3550 1253 3613 dei
1272 3551 1446 3614 secundum

299 3656 412 3718 merita
435 3659 542 3719 nostra
566 3656 645 3720 dari!
681 3677 718 3720 an
747 3658 849 3721 adhuc
879 3677 949 3721 euno
980 3658 1012 3721 id
1041 3657 1156 3720 sentire
1186 3661 1217 3720 et
1245 3657 1444 3739 apertissime
1463 3681 1489 3718 en

388 3881 594 3943 3110h.3,9
668 3881 893 3951 ῦΙΟοτ,13,5
966 3884 1219 3946 alicianus
1293 3881 1444 3952 ‘diepad

301 3968 502 4022 Demetriadem
523 3987 543 4024 c.
564 3972 597 4024 25
618 3971 701 4037 (XXX
720 3971 755 4024 40
774 3972 821 4038 M.)
875 3973 910 4026 23
925 3973 977 4030 Iac.
993 3973 1018 4042 4,
1035 3976 1049 4028 7
1101 3973 1135 4026 29
1150 3972 1183 4027 of.
1199 3990 1261 4043 pag.
1277 3973 1320 4038 84,
1337 3973 1369 4026 13
1385 3987 1443 4039 sqq.

333 4093 578 4163 3dictumqst0
625 4095 643 4147 4
656 4112 702 4162 pr.
718 4095 792 4163 quia]
814 4111 895 4163 quare
920 4096 945 4147 V
997 4097 1173 4164 9quumM
1222 4097 1252 4150 11
1275 4096 1398 4164 cum]ut
1421 4094 1447 4146 V

300 4181 448 4235 clamatV
540 4184 572 4237 15
592 4183 723 4237 habemus
746 4184 797 4236 ΤΡ
882 4184 1064 4240 reinbernus
1086 4185 1138 4238 ΤΡ
1216 4186 1248 4239 21
1270 4184 1366 4238 scribit
1383 4183 1445 4238 Mc

301 4270 396 4324 caTP
450 4272 483 4324 25
502 4272 708 4325 resistemusV
760 4274 793 4325 26
814 4291 904 4326 sumus
924 4273 988 4326 MT
