3410 4952
295 450 359 512 250
647 445 674 499 S.
701 447 837 500 Aureli
865 447 1081 517 Augustini

294 644 352 718 est,
377 647 414 705 ut
437 641 548 706 eodem
571 642 697 707 lauaoro
721 643 967 728 regenerationis
995 647 1025 708 et
1053 643 1149 709 uerbo
1177 643 1433 710 sanetifioationis

293 749 398 811 omnia
420 768 548 831 prorsus
572 749 656 812 mala
679 750 841 813 homiuum
860 753 1114 833 regeneratorum
1133 749 1323 814 mundentur
1341 753 1434 832 atque

293 857 450 933 sanentur,
474 874 535 918 non
560 855 662 920 solum
687 859 817 938 peecata
841 875 920 937 quae
945 855 1049 920 omnia
1071 875 1154 920 nune
1176 856 1383 920 remittuntur
1402 857 1433 920 in

292 960 461 1043 baptismo,
490 960 547 1026 sed
580 961 675 1026 etiam
703 981 783 1042 quae
815 961 974 1044 posterius
1007 961 1144 1026 humana
1175 961 1352 1046 ignorantia
1382 963 1435 1026 uel

291 1067 473 1132 infirmitate
504 1069 743 1146 contrahuntur,
772 1087 833 1132 non
861 1071 898 1131 ut
924 1067 1082 1151 baptisma
1107 1068 1251 1150 quotiens
1274 1072 1432 1152 peccatur,
1464 1092 1476 1132 s

290 1173 407 1237 totiens
431 1177 602 1254 repetatur,
628 1174 684 1238 sed
708 1174 782 1256 quia
804 1175 873 1257 ipso
898 1174 982 1256 quod
1006 1174 1105 1238 semel
1129 1174 1221 1238 datur
1243 1174 1289 1255 fit,
1313 1177 1433 1239 utnon

291 1281 395 1344 solnm
429 1285 529 1356 antea,
562 1277 671 1344 uerum
707 1281 802 1344 etiam
834 1283 946 1362 postea
983 1281 1197 1362 quorumlibet
1232 1283 1433 1362 peecatorum
1460 1288 1463 1293 “

290 1387 383 1452 uenia
419 1387 564 1451 fidelibus
602 1387 797 1469 impetretur.
837 1387 912 1470 quid
949 1387 1032 1450 enim
1067 1387 1233 1470 prodesset
1269 1387 1321 1450 uel
1363 1380 1466 1450 aute'

289 1491 482 1573 baptismum
508 1493 708 1576 paenitentia,
733 1494 795 1557 uisi
813 1493 992 1576 baptismus
1017 1497 1210 1575 sequeretur,
1234 1495 1285 1557 nel
1310 1495 1434 1574 postea,

288 1599 351 1661 nisi
387 1600 608 1680 praesederet?
645 1601 677 1664 in
715 1599 786 1682 ipsa
823 1619 948 1682 quoque
981 1600 1122 1664 oratione
1155 1600 1321 1677 dominica,
1355 1617 1477 1680 quaero

290 1705 446 1770 cotidiana
465 1709 515 1770 est
528 1709 635 1770 nostra
653 1706 827 1784 mundatio,
844 1725 905 1788 quo
920 1707 1036 1784 fructu,
1054 1725 1115 1788 quo
1132 1706 1246 1770 effectu
1262 1706 1431 1770 diceretur:

290 1810 441 1876 dimitte
473 1813 581 1877 nobis
617 1812 743 1876 debita
776 1813 914 1890 nostra,
947 1813 1009 1876 nisi
1042 1813 1079 1876 ab
1113 1813 1169 1891 eis,
1204 1813 1258 1894 qui
1281 1810 1433 1895 baptizati

288 1921 373 1995 sunt,
393 1918 569 1984 diceretur?
588 1919 728 2001 itemque
749 1918 1000 2002 elemosynarum
1018 1920 1148 2003 largitas
1169 1922 1201 1983 et
1214 1917 1432 1983 beneficientia

288 2025 487 2105 quantalibet
509 2025 562 2088 oui
584 2024 710 2088 tandem
736 2025 774 2088 ad
799 2025 986 2089 dimittenda
1014 2044 1072 2090 sua
1100 2028 1230 2107 peecata
1256 2025 1431 2106 prodesset,

288 2129 315 2193 si
334 2130 514 2212 baptizatus
531 2150 591 2194 non
612 2134 717 2195 esset?
736 2134 896 2213 postremo
915 2131 1003 2215 regni
1023 2131 1180 2194 saelorum
1200 2131 1270 2212 ipsa
1284 2130 1430 2210 felicitas
1450 2158 1474 2196 15

287 2237 343 2300 ubi
366 2257 428 2302 non
451 2238 581 2302 habebit
605 2238 739 2302 eeclesia
762 2239 920 2302 maculam
945 2240 1000 2301 ant
1022 2257 1135 2321 rugam
1154 2240 1209 2301 aut
1228 2237 1348 2320 aliquid
1363 2237 1430 2301 eius

286 2342 383 2421 modi,
407 2343 462 2406 ubi
485 2343 566 2406 nihil
588 2344 850 2425 reprehensionis,
874 2343 952 2408 nihil
976 2343 1188 2408 simulationis
1209 2343 1277 2420 erit,
1297 2343 1353 2406 ubi
1370 2363 1431 2407 non

289 2449 392 2514 solum
416 2452 531 2527 reatus,
557 2450 612 2514 sed
631 2470 687 2514 nee
706 2451 961 2532 eoncupiscentia
982 2450 1041 2514 erit
1059 2451 1125 2514 ulla
1143 2450 1274 2532 peceati,
1297 2469 1429 2532 quorum

289 2556 349 2619 erit
371 2557 433 2619 nisi
456 2557 710 2640 baptizatorum?

332 2664 495 2728 ΧΧΧΙΙΠ.
525 2664 577 2728 39.
606 2665 652 2728 Ac
680 2684 735 2746 per
762 2664 822 2728 hoo
850 2683 911 2727 non
940 2665 1044 2728 solum
1073 2663 1178 2727 omnia
1205 2666 1344 2745 peecata,
1376 2663 1431 2728 sed
1450 2690 1476 2729 ao

287 2770 393 2834 omnia
424 2790 552 2852 prorsus
589 2771 753 2835 hominum
790 2772 873 2834 mala
910 2771 1071 2834 christiani
1106 2771 1226 2833 lauaori
1265 2771 1431 2835 sanctitate

287 2877 454 2951 tolluntur,
485 2895 545 2958 quo
573 2876 705 2940 mundat
734 2876 899 2940 ecelesiam
929 2895 1018 2940 suam
1049 2875 1205 2952 Christus,
1229 2879 1266 2938 ut
1289 2875 1432 2939 exhibeat

288 3000 357 3044 eam
387 2982 447 3046 sibi
475 3001 535 3046 non
562 2982 594 3044 in
622 2982 685 3045 isto
715 2983 851 3060 saeculo,
882 2982 936 3046 sed
964 2983 995 3045 in
1028 2982 1134 3046 futuro
1169 3002 1228 3045 non
1262 2981 1429 3046 habentem

288 3089 444 3151 maculam
474 3091 530 3151 aut
556 3107 667 3170 rugam
697 3091 752 3152 aut
780 3088 899 3172 aliquid
929 3089 996 3152 eius
1024 3089 1120 3152 morli.
1149 3108 1221 3151 narn
1253 3089 1306 3170 qui
1337 3087 1430 3152 modo

288 3213 354 3256 eam
380 3195 476 3257 talem
501 3213 569 3258 esse
595 3194 703 3258 dieunt
727 3199 759 3258 et
781 3198 885 3258 tamen
909 3196 939 3258 in
964 3197 1020 3259 illa
1040 3199 1123 3270 sunt,
1145 3195 1293 3277 quoniam
1314 3198 1346 3258 et
1368 3193 1475 3275 ipsias

286 3300 426 3364 fatentur
450 3319 482 3368 so
502 3301 616 3364 habere
635 3305 773 3383 peecata,
794 3302 950 3366 sinerum
972 3302 1090 3379 dieunt,
1109 3302 1260 3384 profecto,
1282 3299 1429 3383 qnoniam

286 3406 396 3470 mundi
424 3426 484 3470 non
514 3410 589 3470 sunt
616 3426 633 3470 a
663 3408 813 3489 pereatis
842 3408 938 3472 habet
964 3409 996 3472 in
1025 3409 1070 3474 eis
1099 3408 1234 3473 ecelesia
1258 3407 1428 3481 maculam3

377 3669 409 3721 12
428 3667 526 3722 uarro.
546 3670 572 3736 o,
592 3669 624 3721 12

322 3813 487 3866 3sanantur
506 3811 570 3865 sW
651 3813 731 3882 nuno]
751 3812 846 3866 nisiS
934 3811 1138 3880 9poenitentia
1157 3810 1188 3862 K
1274 3811 1430 3876 sequeretur

285 3901 436 3970 baptismus
454 3901 482 3954 B
590 3901 621 3954 11
643 3901 792 3955 cottidiana
814 3899 973 3972 TBSWAp
993 3898 1150 3969 quotidiana
1168 3899 1196 3951 P
1288 3896 1428 3949 mundatio

285 3991 423 4046 nostraO
528 3991 626 4044 affectu
644 3989 787 4059 BMSWp
885 3991 917 4043 12
937 3989 1174 4042 dimitte-nostra
1192 3988 1224 4040 ia
1242 4003 1292 4055 pap.
1311 4003 1345 4039 m.
1366 3985 1430 4044 20

285 4081 511 4136 nisi-(liceretur
530 4098 580 4134 om.
603 4081 626 4134 0
778 4082 810 4134 13
831 4080 1033 4133 elimosinarum
1055 4079 1102 4134 uA
1122 4078 1328 4131 elemosinarum
1346 4073 1432 4129 FPN

285 4169 464 4224 beneficentia
482 4169 632 4224 ERVPhd
690 4170 727 4237 ο15
747 4187 800 4221 non
821 4169 903 4237 esset]
922 4185 977 4222 non
995 4167 1130 4237 prodessit
1148 4167 1178 4220 F
1245 4166 1278 4219 16
1296 4165 1429 4218 maculam

285 4275 336 4312 om.
355 4258 389 4311 N
439 4257 593 4311 huiusmodi
612 4256 698 4310 KRP
751 4259 785 4311 20
806 4258 863 4310 Hae
881 4256 914 4309 K
972 4257 1006 4310 23
1022 4258 1049 4309 in
1064 4273 1109 4324 pr.
1130 4273 1180 4309 oua.
1201 4255 1228 4310 R
1282 4254 1317 4306 24
1335 4253 1429 4306 huius·

285 4346 400 4400 modis
470 4363 522 4414 quo
542 4343 719 4399 BMSWAra
793 4363 851 4398 eam
872 4345 950 4398 modo
971 4346 997 4397 P
