3396 4932
444 362 484 414 de
513 361 768 430 perfectione
797 361 991 414 iustitiae
1020 361 1189 413 hominis
1349 364 1389 426 31

245 559 374 624 bonum.
399 557 483 638 quod
503 557 629 637 quidem
650 555 798 634 ostendit,
819 556 875 620 sed
894 555 980 619 eliud
999 559 1048 619 est
1067 575 1127 619 uon
1147 557 1247 620 iacere
1261 557 1391 634 bonurn,

247 665 334 728 aliud
357 684 417 728 non
443 683 512 727 esse
536 663 603 726 sine
626 666 767 743 peccato,
793 662 917 726 etiarnsi
941 662 1034 726 homo
1060 663 1157 726 iaciat
1179 663 1280 727 multa
1298 665 1390 729 bone.

247 773 436 853 quapropter·
466 789 502 834 es
530 769 713 834 testimonie
740 788 819 850 quae
848 769 957 851 posuit
987 789 1047 832 non
1077 773 1152 832 sunt
1180 773 1288 832 contra
1309 769 1390 833 illud

246 878 330 959 quod
353 877 470 940 dicitur
493 895 553 940 uon
579 895 647 940 esse
671 877 703 938 in
726 876 784 939 huc
808 876 876 938 uita
894 875 1053 938 hominem
1073 875 1140 939 sine
1159 879 1298 958 peccatu.
1321 877 1390 959 ipse

216 988 351 1048 cautem
376 1003 437 1047 uuo
462 982 890 1064 ostendit'quemadmodnm
916 982 1036 1045 dictum
1061 981 1117 1045 sit:
1147 1002 1215 1046 non
1245 986 1303 1046 est
1327 983 1389 1064 qui

244 1091 362 1155 saciat
387 1091 532 1166 bonum,
552 1109 622 1152 non
647 1092 849 1169 estusque
873 1088 915 1150 ad
939 1107 1059 1152 unum.
1079 1089 1255 1166 ‘aiteoim',
1275 1068 1387 1172 iuquit,

245 1200 373 1261 sauctus
388 1195 507 1260 Dauid:
524 1215 630 1277 spere
644 1196 680 1258 in
697 1195 842 1262 dominc
864 1197 900 1259 et
913 1195 971 1258 fac
987 1195 1213 1259 bonitatem'.
1229 1196 1288 1260 hoc
1302 1216 1388 1278 prue-

244 1312 370 1386 ceptum
391 1306 450 1380 est,
469 1321 531 1366 non
549 1302 680 1366 fectum.
701 1301 784 1382 quod
799 1307 1004 1384 praeceptum
1018 1321 1079 1365 non
1094 1303 1204 1383 utique
1219 1303 1386 1378 faciebant,

181 1421 185 1429 '
245 1409 281 1473 de
302 1409 417 1492 quibus
439 1409 559 1472 dictum
580 1411 643 1472 est:
663 1426 733 1470 non
758 1413 816 1470 est
840 1407 902 1488 qui
926 1408 1044 1470 faciat
1066 1408 1211 1483 bouum,
1236 1427 1305 1471 nou
1330 1413 1388 1472 est

199 1535 362 1596 reusque
396 1515 440 1578 cd
472 1533 593 1578 uuum.
628 1514 672 1576 ait
705 1513 801 1576 etiam
834 1513 949 1577 dixisse
983 1517 1126 1576 sanctum
1161 1514 1276 1592 Tobin:
1309 1515 1386 1578 noli

243 1621 384 1698 tinere,
423 1620 499 1693 fili;
536 1638 738 1701 pauperem
772 1619 890 1682 uitam
931 1618 1129 1702 gessimus
1169 1621 1233 1683 sed
1267 1623 1386 1684 multa

241 1729 336 1792 bona
364 1727 555 1800 habemus,
585 1727 616 1789 si
643 1725 883 1792 timuerimus
913 1725 1019 1788 deum
1049 1729 1084 1789 et
1112 1727 1384 1792 recesserimus

243 1835 284 1896 ub
310 1833 407 1898 omni
430 1837 586 1915 peccato
612 1835 649 1894 et
672 1831 875 1895 fecerimus
894 1831 994 1896 bene.
1014 1831 1181 1896 uerissime
1200 1835 1276 1896 tunc
1295 1837 1387 1897 eruut

241 1941 363 2004 homini
381 1940 483 2003 multa
501 1939 591 2012 bona,
613 1958 686 2002 cum
704 1938 871 2002 recesserit
890 1938 927 2000 ab
949 1938 1032 2000 omni
1047 1941 1192 2018 pressim
1211 1943 1287 2004 tuuc
1302 1941 1383 2004 enim

197 2071 221 2107 ιε
243 2047 269 2109 ei
295 2046 383 2109 nulla
407 2049 498 2109 erunt
521 2045 614 2121 male,
643 2049 761 2108 utnon
788 2063 867 2125 opus
891 2044 1007 2107 habeat
1029 2044 1146 2108 dicere:
1175 2045 1296 2110 libera
1318 2065 1383 2112 nos

241 2173 256 2216 a
282 2153 389 2216 rualo.
414 2151 561 2233 quamuis
587 2155 619 2214 et
642 2170 724 2214 nunc
749 2151 851 2214 onmis
876 2150 930 2232 qui
954 2149 1080 2232 prolicit
1102 2154 1188 2214 recta
1210 2152 1384 2218 intentione

240 2259 405 2341 proficiens
432 2259 552 2322 recedit
581 2258 618 2322 ab
649 2257 733 2322 omni
760 2259 890 2338 peccato
920 2259 952 2320 et
979 2260 1067 2322 tanto
1095 2257 1168 2322 inde
1195 2259 1232 2322 fit
1261 2260 1384 2344 longin-

240 2367 339 2446 quior,
364 2369 481 2446 quanto
510 2364 701 2446 plenitudini
729 2365 870 2428 institiae
898 2363 1146 2446 perfectionique
1169 2366 1382 2448 propinquior,

239 2473 312 2553 quin
332 2475 363 2536 et
377 2473 446 2553 ipsa
462 2470 726 2554 coucupiscentia.
742 2471 827 2551 quod
842 2474 891 2534 est
904 2473 1069 2552 peccatum
1084 2471 1229 2536 habitans
1244 2473 1275 2535 in
1292 2491 1382 2538 carne

193 2600 219 2638 20
238 2583 355 2654 nostra,
381 2578 442 2642 etsi
464 2581 571 2642 manet
594 2577 695 2642 sdlruc
715 2577 745 2640 in
765 2577 916 2640 membris
935 2577 1134 2656 mortalibus,
1158 2579 1258 2642 minui
1277 2585 1381 2644 tamen

237 2704 296 2748 nou
321 2684 438 2748 desinit
459 2683 491 2746 iu
515 2683 764 2765 proficientibus.
790 2683 875 2746 aliud
900 2687 950 2748 est
974 2703 1047 2768 ergo
1071 2684 1217 2748 recedere
1237 2685 1276 2749 ab
1296 2687 1381 2751 omni

237 2794 376 2872 peccato,
410 2790 495 2871 quod
523 2808 605 2854 nunc
633 2791 664 2853 in
695 2809 786 2872 opere
815 2794 873 2869 est,
907 2790 992 2854 aliud
1020 2791 1191 2856 recessisse
1224 2792 1262 2856 ab
1296 2793 1381 2856 omni

236 2901 376 2976 peccato,
405 2896 490 2978 quod
512 2897 544 2960 iu
568 2897 625 2960 illa
647 2896 840 2977 perfectione
864 2899 940 2960 tuuc
965 2896 1033 2960 erit.
1063 2897 1119 2962 sed
1142 2901 1246 2960 temen
1271 2899 1380 2979 etqui

235 3004 295 3066 iam
325 3002 458 3066 recessit
486 3005 518 3066 et
546 3002 601 3083 qui
629 3001 731 3065 adhuc
760 3003 890 3079 recedit,
924 3023 983 3068 nou
1013 3007 1062 3070 est
1089 3005 1250 3088 negandus
1278 3005 1379 3070 facere

190 3109 361 3173 roborum.
400 3107 557 3189 quomodo
592 3127 666 3192 ergo
700 3108 821 3172 dictum
860 3112 922 3173 est:
965 3130 1034 3174 non
1069 3114 1127 3175 ost
1164 3112 1226 3192 qui
1263 3113 1379 3176 faciat

235 3214 379 3294 bouum,
408 3233 479 3295 non
509 3216 566 3278 est
593 3234 711 3296 usque
740 3215 783 3278 ad
812 3236 933 3293 uuum,
963 3217 1045 3298 quod
1075 3218 1129 3281 ille
1158 3220 1325 3300 proposuit
1348 3215 1391 3283 et'

234 3339 293 3383 nou
328 3321 468 3384 solutum
501 3321 637 3403 reliquit,
671 3321 733 3385 uisi
766 3321 840 3402 quia
867 3324 1022 3404 populum
1051 3325 1206 3405 quendam
1234 3327 1377 3408 psalmus

322 3513 346 3563 5.
361 3511 385 3563 9.
402 3511 435 3565 25
450 3512 493 3564 Ρε.
511 3512 552 3572 13,
569 3512 623 3564 1.3
664 3512 837 3580 7Ps.36,3
875 3515 908 3566 10
924 3514 989 3567 Tob.
1009 3516 1034 3582 4,
1055 3515 1087 3567 21
1129 3518 1160 3570 15
1179 3470 1322 3583 Maccus,
1344 3517 1375 3570 13

235 3600 266 3652 19
287 3597 320 3652 cf.
339 3597 415 3652 Rom,
435 3601 460 3666 6,
482 3601 513 3652 12

268 3723 284 3774 3
304 3727 357 3785 nc'n
376 3725 440 3787 snut
458 3724 494 3789 R,
513 3739 563 3776 om.
583 3739 616 3775 m.
636 3727 651 3776 1
675 3723 724 3777 VC
775 3725 792 3776 4
812 3742 842 3778 ec
864 3724 887 3778 0
944 3727 959 3778 6
979 3726 1068 3794 inquit
1087 3743 1137 3780 orn.
1156 3727 1375 3795 LPVOOKNJ,

232 3826 264 3861 m.
285 3814 300 3861 1
318 3809 347 3861 D
443 3810 540 3864 dixisse
559 3799 614 3864 scm
633 3812 659 3863 B
749 3813 955 3882 Spraecepturn
976 3814 1064 3878 estO
1157 3816 1189 3868 10
1208 3815 1319 3868 Tobiem
1340 3817 1376 3869 cd

232 3896 329 3963 tobuss
368 3899 398 3950 11
420 3899 678 3966 gerimusRVKbd
715 3901 747 3954 12
766 3901 925 3956 habebimus
939 3902 1005 3966 RK,
1025 3903 1220 3958 m.2PDVO
1258 3905 1290 3958 13
1305 3905 1375 3960 bona

230 3985 359 4053 RCKbd,
379 3992 448 4040 ccl
473 3987 502 4056 V,
521 3989 642 4042 ΜΒ
733 3992 765 4044 17
784 3990 928 4044 recedctb
1025 3992 1374 4062 firstPfidccrlr,

231 4091 280 4128 cnr.
300 4074 431 4143 LVOOB,
446 4093 479 4128 nr.
496 4077 553 4130 11)
645 4078 677 4131 18
697 4078 803 4146 quando
828 4079 854 4130 V
922 4079 1100 4147 plenitudinis
1119 4081 1149 4134 N
1220 4083 1327 4136 iustitia
1344 4083 1377 4136 N

230 4164 494 4232 propiumquioro
537 4166 570 4218 20
590 4167 658 4220 elsio
676 4166 710 4220 N
759 4169 885 4221 membris
905 4168 1003 4222 eiusB
1061 4169 1203 4224 minuitN
1248 4171 1281 4224 26
1302 4171 1374 4240 quod

231 4251 317 4303 -uisi
337 4267 387 4304 om.
408 4253 434 4303 B
