3410 4952
688 583 1118 694 TESTIMONIA.

379 751 406 812 1.
429 746 625 830 Aaipustinas
647 750 682 810 111
698 747 899 828 praefatione
927 746 1037 826 Operis
1063 746 1235 828 imperfecti
1262 751 1370 812 contra
1393 748 1473 812 11111-

332 875 445 918 onnm:
463 853 582 936 Scripsi
600 855 717 919 librum
736 854 775 916 ad
794 854 943 918 comitem
963 853 1135 931 Valerium,
1156 854 1250 919 cuius·
1265 854 1340 918 libri
1359 855 1475 919 titulus

332 963 381 1026 est
400 961 448 1025 ‘de
467 961 587 1043 nuptiis
607 965 639 1024 et
662 959 936 1042 concupiscentia,
957 978 993 1025 eo
1015 960 1098 1042 quod
1118 959 1157 1024 ad
1179 961 1270 1026 illum
1293 961 1476 1042 peruenisse

333 1087 542 1152 cognoueram
566 1067 669 1130 dicere
688 1067 876 1150 Pelagianos
897 1066 1093 1130 damnatores
1112 1086 1169 1132 nos
1189 1086 1259 1132 esse
1282 1067 1473 1149 nuptiarum.
1507 1089 1521 1130 a

333 1176 466 1256 denique
498 1175 531 1239 in
561 1175 617 1238 illo
651 1194 743 1256 opere
776 1175 957 1256 nuptiarum
993 1175 1110 1239 bonum
1149 1194 1166 1238 a
1204 1175 1474 1257 concupiscentiae

333 1281 465 1346 carnalis
489 1281 582 1359 malo,
604 1300 665 1364 quo
684 1281 763 1344 bene
782 1280 884 1344 utitur
902 1279 1057 1362 pudicitia
1076 1281 1261 1363 coniugalis,
1283 1283 1369 1364 quali
1387 1283 1476 1364 potui

333 1387 546 1468 disputatione
566 1386 711 1451 discreui.
732 1405 792 1467 qno
811 1386 892 1449 libro
913 1388 1042 1466 accepto
1062 1390 1254 1450 memoratus
1269 1387 1319 1451 uir
1333 1388 1476 1452 inlustn's

332 1494 421 1557 misit
443 1493 520 1557 mihi
545 1493 576 1556 in
601 1493 744 1557 chartula
766 1493 933 1556 nonnullas
953 1493 1125 1556 sententias
1146 1493 1308 1576 decerptas
1329 1514 1365 1558 11
1385 1494 1476 1578 opere

332 1600 448 1663 Iuliani
461 1599 611 1663 haeretici
624 1598 787 1682 Pelagiaui
797 1635 840 1643 —
850 1599 882 1661 in
898 1617 958 1680 quo
975 1617 1066 1680 opere
1080 1598 1169 1662 libris
1186 1600 1334 1680 quattuor
1348 1619 1475 1681 respon·
1495 1623 1522 1661 10

333 1707 418 1770 disse
442 1706 503 1770 sibi
526 1706 615 1770 uisus
640 1709 690 1768 est
711 1705 759 1768 illi
783 1705 837 1768 uni
861 1724 940 1782 meo⁷
964 1724 1058 1786 quem
1078 1705 1115 1768 de
1134 1705 1254 1786 nuptiis
1275 1708 1307 1768 et
1326 1707 1474 1790 concupi-

334 1813 452 1877 scentia
470 1832 521 1876 me
541 1812 707 1894 scripsisse
727 1805 901 1876 memoraui
915 1849 959 1856 —
973 1812 1088 1876 missas
1103 1812 1165 1876 sibi
1180 1832 1197 1875 a
1212 1813 1318 1876 nescio
1335 1832 1407 1894 quo,
1422 1813 1474 1894 qui

334 1938 396 1997 aas,
422 1922 458 1982 ut
480 1919 594 1996 uoluit,
614 1938 649 1982 111
668 1918 767 2002 prima
787 1917 902 1982 Iuliani
920 1917 1000 1981 libro
1021 1918 1229 2000 decerpendas
1251 1919 1384 1998 curauit,
1410 1920 1476 2000 qui-

333 2026 393 2089 bus
426 2028 463 2089 nt
495 2025 681 2108 quantocius
714 2024 936 2108 responderem
967 2024 1051 2088 idern
1084 2025 1229 2090 Valerius
1263 2024 1416 2108 poposcit.
1446 2029 1478 2088 et

333 2132 453 2195 factum
472 2135 531 2209 est,
550 2135 587 2196 ut
607 2133 665 2195 sub
686 2133 795 2196 eodem
809 2132 905 2195 titulo
922 2132 1017 2196 etiarn
1032 2132 1206 2195 secundum
1225 2132 1342 2196 librum
1362 2132 1476 2196 seribe-
1495 2153 1521 2193 15

333 2257 409 2316 rem,
421 2241 529 2302 eontra
539 2257 631 2321 quem
641 2239 783 2302 lulianus
794 2220 874 2302 alios
885 2241 954 2302 octo
965 2238 1062 2301 nimia
1071 2238 1264 2318 loquacitate
1277 2238 1475 2319 conseripsit.

379 2347 410 2408 2.
432 2343 520 2406 Idem
543 2345 579 2406 ire
601 2345 734 2425 epistilio
756 2341 890 2408 ooVH
906 2343 949 2406 orl
971 2342 1156 2408 Claudium:
1180 2342 1332 2426 Quisquis
1353 2363 1425 2428 orgo
1446 2347 1477 2406 et

333 2451 425 2514 illurn
444 2450 619 2516 secundnm
637 2451 754 2515 librum
773 2470 880 2514 meum
901 2451 940 2514 ad
959 2451 1105 2515 comitem
1125 2450 1298 2514 identidem
1313 2450 1476 2514 Valerium

336 2558 419 2622 sicut
437 2558 574 2639 primurn
595 2559 808 2640 conscriptum
826 2558 917 2641 legit,
936 2557 1060 2622 nouerit
1081 2559 1182 2622 mein
1203 2558 1392 2640 quibusdam
1413 2576 1475 2620 non

334 2665 535 2746 respondisse
549 2665 683 2744 Iuliano,
699 2665 756 2730 sed
770 2665 798 2728 11
812 2665 931 2747 potine,
946 2665 1000 2745 qui
1015 2664 1053 2728 de
1065 2664 1156 2728 libris
1172 2664 1240 2728 eius
1254 2664 1310 2728 illa
1323 2663 1436 2747 relegit
1446 2664 1477 2726 et
1495 2685 1521 2724 1ο

335 2789 395 2834 nan
409 2771 455 2833 ita
468 2771 577 2853 posuit
590 2776 627 2835 111
640 2771 771 2848 inuenit,
792 2770 849 2834 sed
863 2770 1059 2851 aliquantum
1078 2770 1205 2852 putauit
1224 2789 1293 2834 esse
1313 2769 1477 2844 mutanda,

334 2877 468 2942 fortasse
483 2881 519 2942 ut
535 2898 570 2942 eo
586 2879 679 2942 modo
695 2877 786 2960 quasi
801 2898 859 2942 sua
872 2877 990 2942 faceret
1004 2897 1083 2959 quae
1099 2876 1199 2941 aliena
1218 2896 1288 2941 esse
1308 2880 1476 2942 constaret.

381 2987 410 3047 3.
429 2983 627 3066 Ampastiaus
640 2985 675 3046 in
688 2983 955 3048 Retractotionam
971 2983 1103 3048 iibroll
1111 3003 1176 3064 cop.
1192 2987 1252 3048 53:
1263 2982 1381 3065 Scripsi
1397 2983 1475 3049 duos

335 3091 432 3154 libros
462 3091 500 3154 ad
527 3091 695 3155 inlustrem
717 3091 822 3154 uirum
847 3089 995 3155 comitem
1018 3089 1191 3168 Valerium,
1216 3081 1288 3156 111111
1312 3090 1476 3156 audissem

335 3197 523 3280 Pelagianos
556 3197 584 3262 ei
617 3197 723 3261 nescio
753 3197 829 3280 quid
857 3197 1023 3278 scripsisse
1052 3196 1090 3260 de
1117 3197 1219 3274 nobis,
1244 3196 1331 3278 quod
1355 3196 1523 3260 1111111111

336 3305 462 3386 nuptias
478 3303 696 3368 damnaremus
721 3303 887 3368 asserendo
907 3303 1059 3386 originale
1083 3306 1257 3386 peccatum,
1285 3323 1419 3384 quorum
1442 3304 1478 3366 li-

336 3411 463 3474 brorum
473 3411 586 3474 titulus
599 3413 647 3474 est
658 3410 706 3474 ‘de
720 3411 838 3492 nuptiis
850 3412 881 3473 et
892 3409 1166 3491 concupiscentia.
1176 3409 1350 3473 bonitatem
1362 3411 1478 3492 quippe

337 3516 533 3580 defendimus
562 3517 753 3598 nuptiarum,
783 3536 821 3580 ne
848 3519 1014 3598 putaretur
1041 3535 1148 3578 earum
1172 3535 1241 3580 1111
1266 3516 1383 3579 uitium
1408 3535 1478 3580 oon-

338 3621 533 3705 cupiscentia
551 3624 651 3687 carnis
671 3623 769 3687 11111
788 3623 819 3687 in
838 3622 989 3687 membris
1003 3622 1260 3706 repugnanslegi
1275 3622 1399 3700 mentis,
1417 3641 1477 3705 quo

336 3730 419 3794 malo
442 3730 583 3794 libidinis
607 3731 685 3794 bene
708 3729 809 3794 utitur
832 3729 871 3793 ad
893 3728 976 3793 filios
1000 3728 1209 3812 procreandos
1232 3729 1387 3812 pudicitia
1408 3747 1478 3808 can·
1497 3752 1524 3791 ao

336 3837 463 3920 iugalis.
483 3840 520 3901 ut
539 3840 645 3901 autem
665 3837 726 3901 duo
742 3836 816 3900 libri
835 3838 952 3915 essent,
971 3836 1092 3917 primus
1107 3835 1194 3900 uenit
1208 3835 1239 3899 in
1255 3834 1376 3899 Iuliani
1390 3835 1479 3898 Pela-

339 3943 422 4028 giani
439 3963 551 4008 manus
567 3947 598 4008 et
613 3943 741 4027 scripsit
755 3943 907 4007 aduersus
923 3962 995 4006 eum
1013 3942 1111 4006 libros
1131 3944 1290 4024 quattuor,
1312 3941 1477 4023 exquibus

338 4051 464 4134 quidam
484 4051 633 4115 nonnulla
652 4050 808 4132 decerpsit
828 4052 860 4113 et
879 4049 987 4113 comiti
1006 4048 1131 4112 Valerio
1151 4048 1249 4126 misit,
1270 4048 1325 4111 ille
1345 4066 1419 4111 nero
1440 4046 1479 4110 ad

336 4176 404 4222 nos.
429 4176 509 4240 quae
534 4175 605 4221 cum
630 4155 836 4238 accepissem,
861 4155 922 4220 alio
946 4155 1026 4218 libro
1046 4154 1084 4218 ad
1105 4154 1213 4218 eadem
1231 4154 1301 4238 ipsa
1320 4152 1477 4236 respondi.
