<?xml version="1.0" encoding="UTF-8"?>
<!DOCTYPE html PUBLIC "-//W3C//DTD XHTML 1.0 Transitional//EN"
    "http://www.w3.org/TR/xhtml1/DTD/xhtml1-transitional.dtd">
<html xmlns="http://www.w3.org/1999/xhtml" xml:lang="en" lang="en">
 <head>
  <title>
</title>
<meta http-equiv="Content-Type" content="text/html;charset=utf-8" />
  <meta name='ocr-system' content='tesseract 3.04.00' />
  <meta name='ocr-capabilities' content='ocr_page ocr_carea ocr_par ocr_line ocrx_word'/>
</head>
<body>
  <div class='ocr_page' id='page_1' title='image "./sanctiavreliavg02zychgoog_0228.png"; bbox 0 0 3388 4946; ppageno 0'>
   <div class='ocr_carea' id='block_1_1' title="bbox 313 352 1096 422">
    <p class='ocr_par' dir='ltr' id='par_1_1' title="bbox 313 352 1096 422">
     <span class='ocr_line' id='line_1_1' title="bbox 313 352 1096 422; baseline -0.006 -11"><span class='ocrx_word' id='word_1_1' title='bbox 313 357 375 418; x_wconf 85' lang='grc'>190</span> <span class='ocrx_word' id='word_1_2' title='bbox 663 352 689 406; x_wconf 77' lang='grc' dir='ltr'>Β.</span> <span class='ocrx_word' id='word_1_3' title='bbox 718 353 853 406; x_wconf 85' lang='lat' dir='ltr'><strong>Aureli</strong></span> <span class='ocrx_word' id='word_1_4' title='bbox 881 354 1096 422; x_wconf 80' lang='lat' dir='ltr'>Augustini</span> 
     </span>
    </p>
   </div>
   <div class='ocr_carea' id='block_1_2' title="bbox 306 547 1496 3499">
    <p class='ocr_par' dir='ltr' id='par_1_2' title="bbox 308 547 1453 844">
     <span class='ocr_line' id='line_1_2' title="bbox 309 547 1453 634; baseline 0.001 -24"><span class='ocrx_word' id='word_1_5' title='bbox 309 547 521 612; x_wconf 85' lang='lat' dir='ltr'>uoluntariam</span> <span class='ocrx_word' id='word_1_6' title='bbox 545 551 691 634; x_wconf 87' lang='lat' dir='ltr'>segregat</span> <span class='ocrx_word' id='word_1_7' title='bbox 714 547 792 611; x_wconf 90' lang='lat' dir='ltr'>deus</span> <span class='ocrx_word' id='word_1_8' title='bbox 816 547 984 611; x_wconf 77' lang='lat' dir='ltr'>hereditati</span> <span class='ocrx_word' id='word_1_9' title='bbox 1004 567 1089 624; x_wconf 70' lang='lat' dir='ltr'>suae,</span> <span class='ocrx_word' id='word_1_10' title='bbox 1109 547 1210 612; x_wconf 92' lang='lat' dir='ltr'>inerat</span> <span class='ocrx_word' id='word_1_11' title='bbox 1229 548 1345 622; x_wconf 90' lang='lat' dir='ltr'>latens;</span> <span class='ocrx_word' id='word_1_12' title='bbox 1371 567 1453 611; x_wconf 94' lang='lat' dir='ltr'>nuno</span> 
     </span>
     <span class='ocr_line' id='line_1_3' title="bbox 311 653 1452 736; baseline 0.002 -20"><span class='ocrx_word' id='word_1_13' title='bbox 311 658 416 718; x_wconf 89' lang='lat' dir='ltr'>autem</span> <span class='ocrx_word' id='word_1_14' title='bbox 431 656 522 718; x_wconf 89' lang='lat' dir='ltr'>uelut</span> <span class='ocrx_word' id='word_1_15' title='bbox 538 654 655 718; x_wconf 88' lang='lat' dir='ltr'>siccato</span> <span class='ocrx_word' id='word_1_16' title='bbox 670 654 726 718; x_wconf 92' lang='lat' dir='ltr'>illo</span> <span class='ocrx_word' id='word_1_17' title='bbox 742 654 869 731; x_wconf 72' lang='lat' dir='ltr'>uellere</span> <span class='ocrx_word' id='word_1_18' title='bbox 881 653 941 717; x_wconf 90' lang='lat' dir='ltr'>boo</span> <span class='ocrx_word' id='word_1_19' title='bbox 957 658 1006 718; x_wconf 87' lang='lat' dir='ltr'>est</span> <span class='ocrx_word' id='word_1_20' title='bbox 1019 653 1147 718; x_wconf 90' lang='lat' dir='ltr'>Iudaico</span> <span class='ocrx_word' id='word_1_21' title='bbox 1158 655 1276 736; x_wconf 91' lang='lat' dir='ltr'>populo</span> <span class='ocrx_word' id='word_1_22' title='bbox 1286 654 1452 736; x_wconf 84' lang='lat' dir='ltr'>reprobato</span> 
     </span>
     <span class='ocr_line' id='line_1_4' title="bbox 308 761 1327 844; baseline 0.002 -20"><span class='ocrx_word' id='word_1_23' title='bbox 308 762 340 824; x_wconf 91' lang='lat' dir='ltr'>in</span> <span class='ocrx_word' id='word_1_24' title='bbox 366 761 511 824; x_wconf 89' lang='lat' dir='ltr'>omnibus</span> <span class='ocrx_word' id='word_1_25' title='bbox 536 761 684 844; x_wconf 90' lang='lat' dir='ltr'>gentibus</span> <span class='ocrx_word' id='word_1_26' title='bbox 707 763 871 843; x_wconf 81' lang='lat' dir='ltr'><strong>tamquam</strong></span> <span class='ocrx_word' id='word_1_27' title='bbox 894 761 925 824; x_wconf 93' lang='lat' dir='ltr'>in</span> <span class='ocrx_word' id='word_1_28' title='bbox 950 780 1021 825; x_wconf 87' lang='lat' dir='ltr'>area</span> <span class='ocrx_word' id='word_1_29' title='bbox 1045 761 1184 825; x_wconf 89' lang='lat' dir='ltr'>cernitur</span> <span class='ocrx_word' id='word_1_30' title='bbox 1205 763 1327 844; x_wconf 81' lang='lat' dir='ltr'>patene.</span> 
     </span>
    </p>

    <p class='ocr_par' dir='ltr' id='par_1_3' title="bbox 308 867 1496 2223">
     <span class='ocr_line' id='line_1_5' title="bbox 354 867 1452 951; baseline -0.002 -19"><span class='ocrx_word' id='word_1_31' title='bbox 354 867 460 932; x_wconf 88' lang='lat' dir='ltr'>XXVI</span> <span class='ocrx_word' id='word_1_32' title='bbox 483 869 535 932; x_wconf 86' lang='lat'>30.</span> <span class='ocrx_word' id='word_1_33' title='bbox 558 867 629 931; x_wconf 94' lang='lat' dir='ltr'>Non</span> <span class='ocrx_word' id='word_1_34' title='bbox 653 868 751 951; x_wconf 90' lang='lat' dir='ltr'>igitur</span> <span class='ocrx_word' id='word_1_35' title='bbox 775 869 859 932; x_wconf 87' lang='lat' dir='ltr'>siout</span> <span class='ocrx_word' id='word_1_36' title='bbox 882 868 1030 949; x_wconf 83' lang='lat' dir='ltr'>Pelagius</span> <span class='ocrx_word' id='word_1_37' title='bbox 1056 874 1087 932; x_wconf 89' lang='lat' dir='ltr'>et</span> <span class='ocrx_word' id='word_1_38' title='bbox 1111 869 1178 933; x_wconf 91' lang='lat' dir='ltr'>eius</span> <span class='ocrx_word' id='word_1_39' title='bbox 1202 868 1352 950; x_wconf 89' lang='lat' dir='ltr'>discipuli</span> <span class='ocrx_word' id='word_1_40' title='bbox 1374 871 1452 932; x_wconf 89' lang='lat' dir='ltr'>tem-</span> 
     </span>
     <span class='ocr_line' id='line_1_6' title="bbox 310 973 1495 1056; baseline -0.005 -18"><span class='ocrx_word' id='word_1_41' title='bbox 310 993 386 1056; x_wconf 87' lang='lat' dir='ltr'>pora</span> <span class='ocrx_word' id='word_1_42' title='bbox 414 973 593 1036; x_wconf 87' lang='lat' dir='ltr'>diuidamus</span> <span class='ocrx_word' id='word_1_43' title='bbox 623 973 763 1038; x_wconf 90' lang='lat' dir='ltr'>dicentes</span> <span class='ocrx_word' id='word_1_44' title='bbox 787 975 934 1056; x_wconf 87' lang='lat' dir='ltr'>‘primum</span> <span class='ocrx_word' id='word_1_45' title='bbox 966 975 1084 1038; x_wconf 83' lang='lat' dir='ltr'>uixisse</span> <span class='ocrx_word' id='word_1_46' title='bbox 1115 975 1218 1038; x_wconf 89' lang='lat' dir='ltr'>iustos</span> <span class='ocrx_word' id='word_1_47' title='bbox 1250 974 1393 1038; x_wconf 90' lang='lat' dir='ltr'>homines</span> <span class='ocrx_word' id='word_1_48' title='bbox 1418 994 1452 1036; x_wconf 82' lang='lat' dir='ltr'>ex</span> <span class='ocrx_word' id='word_1_49' title='bbox 1483 997 1495 1032; x_wconf 73' lang='lat' dir='ltr'>s</span> 
     </span>
     <span class='ocr_line' id='line_1_7' title="bbox 310 1079 1452 1164; baseline 0.001 -21"><span class='ocrx_word' id='word_1_50' title='bbox 310 1085 431 1156; x_wconf 85' lang='lat' dir='ltr'>natura,</span> <span class='ocrx_word' id='word_1_51' title='bbox 457 1079 568 1143; x_wconf 93' lang='lat' dir='ltr'>deinde</span> <span class='ocrx_word' id='word_1_52' title='bbox 588 1080 646 1144; x_wconf 91' lang='lat' dir='ltr'>snb</span> <span class='ocrx_word' id='word_1_53' title='bbox 667 1080 747 1164; x_wconf 82' lang='lat' dir='ltr'>lege,</span> <span class='ocrx_word' id='word_1_54' title='bbox 767 1081 860 1145; x_wconf 87' lang='lat' dir='ltr'>tertio</span> <span class='ocrx_word' id='word_1_55' title='bbox 881 1081 939 1144; x_wconf 92' lang='lat' dir='ltr'>sub</span> <span class='ocrx_word' id='word_1_56' title='bbox 961 1080 1061 1164; x_wconf 87' lang='lat' dir='ltr'>gratia</span> <span class='ocrx_word' id='word_1_57' title='bbox 1075 1117 1118 1125; x_wconf 93' lang='lat'>—</span> <span class='ocrx_word' id='word_1_58' title='bbox 1134 1099 1169 1143; x_wconf 83' lang='lat' dir='ltr'>ex</span> <span class='ocrx_word' id='word_1_59' title='bbox 1188 1082 1309 1158; x_wconf 86' lang='lat' dir='ltr'>natura,</span> <span class='ocrx_word' id='word_1_60' title='bbox 1329 1081 1452 1144; x_wconf 91' lang='lat' dir='ltr'>scilicet</span> 
     </span>
     <span class='ocr_line' id='line_1_8' title="bbox 310 1185 1451 1269; baseline 0 -19"><span class='ocrx_word' id='word_1_61' title='bbox 310 1187 347 1250; x_wconf 89' lang='lat' dir='ltr'>ab</span> <span class='ocrx_word' id='word_1_62' title='bbox 372 1187 473 1250; x_wconf 85' lang='lat' dir='ltr'>Adam</span> <span class='ocrx_word' id='word_1_63' title='bbox 497 1189 562 1248; x_wconf 88' lang='lat' dir='ltr'>tam</span> <span class='ocrx_word' id='word_1_64' title='bbox 585 1187 680 1269; x_wconf 93' lang='lat' dir='ltr'>longa</span> <span class='ocrx_word' id='word_1_65' title='bbox 704 1189 816 1264; x_wconf 68' lang='lat' dir='ltr'>aetate,</span> <span class='ocrx_word' id='word_1_66' title='bbox 838 1187 967 1268; x_wconf 78' lang='lat' dir='ltr'>quales</span> <span class='ocrx_word' id='word_1_67' title='bbox 986 1186 1125 1250; x_wconf 92' lang='lat' dir='ltr'>nondum</span> <span class='ocrx_word' id='word_1_68' title='bbox 1145 1190 1211 1250; x_wconf 90' lang='lat' dir='ltr'>erat</span> <span class='ocrx_word' id='word_1_69' title='bbox 1230 1185 1303 1250; x_wconf 90' lang='lat' dir='ltr'>data</span> <span class='ocrx_word' id='word_1_70' title='bbox 1317 1223 1360 1232; x_wconf 94' lang='lat'><em>-</em></span> <span class='ocrx_word' id='word_1_71' title='bbox 1375 1190 1451 1250; x_wconf 89' lang='lat' dir='ltr'>tuno</span> 
     </span>
     <span class='ocr_line' id='line_1_9' title="bbox 310 1293 1452 1376; baseline 0.001 -20"><span class='ocrx_word' id='word_1_72' title='bbox 310 1294 414 1368; x_wconf 85' lang='lat' dir='ltr'>enim’,</span> <span class='ocrx_word' id='word_1_73' title='bbox 444 1293 542 1370; x_wconf 85' lang='lat' dir='ltr'>aiunt,</span> <span class='ocrx_word' id='word_1_74' title='bbox 566 1293 656 1356; x_wconf 85' lang='lat' dir='ltr'>‘duce</span> <span class='ocrx_word' id='word_1_75' title='bbox 680 1293 801 1357; x_wconf 90' lang='lat' dir='ltr'>ratione</span> <span class='ocrx_word' id='word_1_76' title='bbox 826 1293 1076 1376; x_wconf 81' lang='lat' dir='ltr'>cognoscebatur</span> <span class='ocrx_word' id='word_1_77' title='bbox 1100 1297 1222 1357; x_wconf 89' lang='lat' dir='ltr'>creator</span> <span class='ocrx_word' id='word_1_78' title='bbox 1249 1296 1281 1356; x_wconf 89' lang='lat' dir='ltr'>et</span> <span class='ocrx_word' id='word_1_79' title='bbox 1305 1293 1452 1375; x_wconf 89' lang='lat' dir='ltr'>quemad·</span> 
     </span>
     <span class='ocr_line' id='line_1_10' title="bbox 309 1398 1451 1482; baseline 0.001 -21"><span class='ocrx_word' id='word_1_80' title='bbox 309 1399 437 1462; x_wconf 93' lang='lat' dir='ltr'>modum</span> <span class='ocrx_word' id='word_1_81' title='bbox 463 1398 635 1462; x_wconf 92' lang='lat' dir='ltr'>uiuendum</span> <span class='ocrx_word' id='word_1_82' title='bbox 661 1401 747 1462; x_wconf 91' lang='lat' dir='ltr'>esset</span> <span class='ocrx_word' id='word_1_83' title='bbox 771 1399 925 1480; x_wconf 84' lang='lat' dir='ltr'>scriptum</span> <span class='ocrx_word' id='word_1_84' title='bbox 955 1399 1122 1482; x_wconf 79' lang='lat' dir='ltr'>gerebatur</span> <span class='ocrx_word' id='word_1_85' title='bbox 1149 1400 1180 1463; x_wconf 95' lang='lat' dir='ltr'>in</span> <span class='ocrx_word' id='word_1_86' title='bbox 1210 1399 1367 1476; x_wconf 70' lang='lat' dir='ltr'>cordibus,</span> <span class='ocrx_word' id='word_1_87' title='bbox 1391 1418 1451 1462; x_wconf 93' lang='lat' dir='ltr'>non</span> 
     </span>
     <span class='ocr_line' id='line_1_11' title="bbox 308 1504 1496 1587; baseline -0.001 -22"><span class='ocrx_word' id='word_1_88' title='bbox 308 1504 379 1587; x_wconf 88' lang='lat' dir='ltr'>lege</span> <span class='ocrx_word' id='word_1_89' title='bbox 407 1505 542 1580; x_wconf 81' lang='lat' dir='ltr'>litterae,</span> <span class='ocrx_word' id='word_1_90' title='bbox 572 1504 627 1568; x_wconf 92' lang='lat' dir='ltr'>sed</span> <span class='ocrx_word' id='word_1_91' title='bbox 655 1508 794 1570; x_wconf 89' lang='lat' dir='ltr'>naturae.</span> <span class='ocrx_word' id='word_1_92' title='bbox 822 1525 932 1568; x_wconf 88' lang='lat' dir='ltr'>uerum</span> <span class='ocrx_word' id='word_1_93' title='bbox 962 1505 1084 1569; x_wconf 90' lang='lat' dir='ltr'>uitiatis</span> <span class='ocrx_word' id='word_1_94' title='bbox 1108 1505 1271 1582; x_wconf 73' lang='lat' dir='ltr'>moribus,</span> <span class='ocrx_word' id='word_1_95' title='bbox 1294 1505 1450 1586; x_wconf 88' lang='lat' dir='ltr'>inquiunt.</span> <span class='ocrx_word' id='word_1_96' title='bbox 1473 1528 1496 1564; x_wconf 82' lang='grc' dir='ltr'>ιο</span> 
     </span>
     <span class='ocr_line' id='line_1_12' title="bbox 308 1610 1450 1692; baseline 0.001 -18"><span class='ocrx_word' id='word_1_97' title='bbox 308 1612 375 1674; x_wconf 80' lang='lat' dir='ltr'>‘ubi</span> <span class='ocrx_word' id='word_1_98' title='bbox 399 1611 504 1692; x_wconf 89' lang='lat' dir='ltr'>coepit</span> <span class='ocrx_word' id='word_1_99' title='bbox 527 1629 587 1674; x_wconf 92' lang='lat' dir='ltr'>non</span> <span class='ocrx_word' id='word_1_100' title='bbox 613 1610 758 1674; x_wconf 86' lang='lat' dir='ltr'>sufficere</span> <span class='ocrx_word' id='word_1_101' title='bbox 782 1615 892 1674; x_wconf 78' lang='lat' dir='ltr'>natuua</span> <span class='ocrx_word' id='word_1_102' title='bbox 911 1611 974 1674; x_wconf 93' lang='lat' dir='ltr'>iam</span> <span class='ocrx_word' id='word_1_103' title='bbox 995 1611 1130 1687; x_wconf 70' lang='lat' dir='ltr'>decolor,</span> <span class='ocrx_word' id='word_1_104' title='bbox 1150 1613 1199 1675; x_wconf 82' lang='lat' dir='ltr'>lex</span> <span class='ocrx_word' id='word_1_105' title='bbox 1219 1611 1247 1675; x_wconf 89' lang='lat' dir='ltr'>ei</span> <span class='ocrx_word' id='word_1_106' title='bbox 1266 1611 1373 1675; x_wconf 91' lang='lat' dir='ltr'>addita</span> <span class='ocrx_word' id='word_1_107' title='bbox 1392 1615 1450 1682; x_wconf 83' lang='lat' dir='ltr'>est,</span> 
     </span>
     <span class='ocr_line' id='line_1_13' title="bbox 311 1717 1450 1801; baseline 0 -21"><span class='ocrx_word' id='word_1_108' title='bbox 311 1738 372 1800; x_wconf 90' lang='lat' dir='ltr'>qna</span> <span class='ocrx_word' id='word_1_109' title='bbox 390 1718 481 1780; x_wconf 89' lang='lat' dir='ltr'>uelut</span> <span class='ocrx_word' id='word_1_110' title='bbox 499 1719 572 1780; x_wconf 89' lang='lat' dir='ltr'>iuna</span> <span class='ocrx_word' id='word_1_111' title='bbox 592 1717 710 1801; x_wconf 89' lang='lat' dir='ltr'>fulgori</span> <span class='ocrx_word' id='word_1_112' title='bbox 728 1717 861 1799; x_wconf 88' lang='lat' dir='ltr'>pristino</span> <span class='ocrx_word' id='word_1_113' title='bbox 884 1718 999 1782; x_wconf 87' lang='lat' dir='ltr'>detrita</span> <span class='ocrx_word' id='word_1_114' title='bbox 1021 1719 1165 1801; x_wconf 86' lang='lat' dir='ltr'>rubigine</span> <span class='ocrx_word' id='word_1_115' title='bbox 1184 1718 1375 1783; x_wconf 89' lang='lat' dir='ltr'>redderetur.</span> <span class='ocrx_word' id='word_1_116' title='bbox 1396 1718 1450 1782; x_wconf 93' lang='lat' dir='ltr'>sed</span> 
     </span>
     <span class='ocr_line' id='line_1_14' title="bbox 308 1823 1452 1906; baseline -0.001 -18"><span class='ocrx_word' id='word_1_117' title='bbox 308 1826 514 1906; x_wconf 82' lang='lat' dir='ltr'>posteaquam</span> <span class='ocrx_word' id='word_1_118' title='bbox 530 1824 647 1901; x_wconf 81' lang='lat' dir='ltr'>nim’m&#39;,</span> <span class='ocrx_word' id='word_1_119' title='bbox 660 1825 744 1888; x_wconf 91' lang='lat' dir='ltr'>sicut</span> <span class='ocrx_word' id='word_1_120' title='bbox 758 1823 931 1904; x_wconf 74' lang='lat' dir='ltr'>disputant,</span> <span class='ocrx_word' id='word_1_121' title='bbox 943 1825 1103 1906; x_wconf 85' lang='lat' dir='ltr'>‘peccandi</span> <span class='ocrx_word' id='word_1_122' title='bbox 1115 1825 1309 1889; x_wconf 87' lang='lat' dir='ltr'>consuetudo</span> <span class='ocrx_word' id='word_1_123' title='bbox 1323 1844 1452 1906; x_wconf 87' lang='lat' dir='ltr'>praeua-</span> 
     </span>
     <span class='ocr_line' id='line_1_15' title="bbox 308 1928 1451 2012; baseline 0 -18"><span class='ocrx_word' id='word_1_124' title='bbox 308 1931 379 2009; x_wconf 84' lang='lat' dir='ltr'>luit‚</span> <span class='ocrx_word' id='word_1_125' title='bbox 405 1928 456 1994; x_wconf 90' lang='lat' dir='ltr'>cui</span> <span class='ocrx_word' id='word_1_126' title='bbox 480 1930 634 1994; x_wconf 88' lang='lat' dir='ltr'>sanandae</span> <span class='ocrx_word' id='word_1_127' title='bbox 657 1931 707 1994; x_wconf 85' lang='lat' dir='ltr'>lex</span> <span class='ocrx_word' id='word_1_128' title='bbox 729 1949 840 2012; x_wconf 85' lang='lat' dir='ltr'>parum</span> <span class='ocrx_word' id='word_1_129' title='bbox 860 1933 990 2004; x_wconf 84' lang='lat' dir='ltr'>ualeret,</span> <span class='ocrx_word' id='word_1_130' title='bbox 1012 1931 1156 1996; x_wconf 85' lang='lat' dir='ltr'>Christus</span> <span class='ocrx_word' id='word_1_131' title='bbox 1176 1931 1305 1996; x_wconf 89' lang='lat' dir='ltr'>aduenit</span> <span class='ocrx_word' id='word_1_132' title='bbox 1323 1935 1355 1996; x_wconf 90' lang='lat' dir='ltr'>et</span> <span class='ocrx_word' id='word_1_133' title='bbox 1373 1935 1451 1996; x_wconf 88' lang='lat' dir='ltr'>tam·</span> 
     </span>
     <span class='ocr_line' id='line_1_16' title="bbox 309 2036 1495 2119; baseline -0.004 -19"><span class='ocrx_word' id='word_1_134' title='bbox 309 2057 402 2118; x_wconf 88' lang='lat' dir='ltr'>quam</span> <span class='ocrx_word' id='word_1_135' title='bbox 418 2037 526 2101; x_wconf 89' lang='lat' dir='ltr'>morbo</span> <span class='ocrx_word' id='word_1_136' title='bbox 542 2036 797 2118; x_wconf 90' lang='lat' dir='ltr'>desperatissimo</span> <span class='ocrx_word' id='word_1_137' title='bbox 813 2055 873 2099; x_wconf 95' lang='lat' dir='ltr'>non</span> <span class='ocrx_word' id='word_1_138' title='bbox 888 2057 943 2118; x_wconf 90' lang='lat' dir='ltr'>per</span> <span class='ocrx_word' id='word_1_139' title='bbox 957 2036 1141 2119; x_wconf 66' lang='lat' dir='ltr'>discipulos</span> <span class='ocrx_word' id='word_1_140' title='bbox 1157 2037 1213 2100; x_wconf 95' lang='lat' dir='ltr'>sed</span> <span class='ocrx_word' id='word_1_141' title='bbox 1227 2057 1281 2118; x_wconf 90' lang='lat' dir='ltr'>per</span> <span class='ocrx_word' id='word_1_142' title='bbox 1296 2056 1329 2100; x_wconf 90' lang='lat' dir='ltr'>se</span> <span class='ocrx_word' id='word_1_143' title='bbox 1343 2037 1449 2119; x_wconf 89' lang='lat' dir='ltr'>ipsum</span> <span class='ocrx_word' id='word_1_144' title='bbox 1470 2057 1495 2096; x_wconf 84' lang='lat'>15</span> 
     </span>
     <span class='ocr_line' id='line_1_17' title="bbox 308 2142 736 2223; baseline -0.005 -16"><span class='ocrx_word' id='word_1_145' title='bbox 308 2143 451 2207; x_wconf 91' lang='lat' dir='ltr'>medicus</span> <span class='ocrx_word' id='word_1_146' title='bbox 473 2143 542 2223; x_wconf 88' lang='lat' dir='ltr'>ipsc</span> <span class='ocrx_word' id='word_1_147' title='bbox 567 2142 736 2207; x_wconf 91' lang='lat' dir='ltr'>subuenit&#39;.</span> 
     </span>
    </p>

    <p class='ocr_par' dir='ltr' id='par_1_4' title="bbox 306 2248 1496 3499">
     <span class='ocr_line' id='line_1_18' title="bbox 354 2248 1449 2330; baseline 0.001 -18"><span class='ocrx_word' id='word_1_148' title='bbox 354 2249 406 2312; x_wconf 84' lang='lat'>31.</span> <span class='ocrx_word' id='word_1_149' title='bbox 434 2249 521 2312; x_wconf 91' lang='lat' dir='ltr'>Haec</span> <span class='ocrx_word' id='word_1_150' title='bbox 551 2248 749 2330; x_wconf 88' lang='lat' dir='ltr'>disputantes</span> <span class='ocrx_word' id='word_1_151' title='bbox 778 2269 796 2312; x_wconf 91' lang='lat' dir='ltr'>a</span> <span class='ocrx_word' id='word_1_152' title='bbox 824 2249 924 2330; x_wconf 88' lang='lat' dir='ltr'>gratia</span> <span class='ocrx_word' id='word_1_153' title='bbox 952 2249 1134 2312; x_wconf 87' lang='lat' dir='ltr'>mediatoris</span> <span class='ocrx_word' id='word_1_154' title='bbox 1158 2250 1261 2314; x_wconf 87' lang='lat' dir='ltr'>iustos</span> <span class='ocrx_word' id='word_1_155' title='bbox 1286 2249 1449 2314; x_wconf 84' lang='lat' dir='ltr'>excludere</span> 
     </span>
     <span class='ocr_line' id='line_1_19' title="bbox 309 2355 1449 2437; baseline 0 -18"><span class='ocrx_word' id='word_1_156' title='bbox 309 2359 463 2420; x_wconf 89' lang='lat' dir='ltr'>conantur</span> <span class='ocrx_word' id='word_1_157' title='bbox 487 2355 643 2436; x_wconf 80' lang='lat' dir='ltr'>antiquos,</span> <span class='ocrx_word' id='word_1_158' title='bbox 668 2358 831 2437; x_wconf 89' lang='lat' dir='ltr'>tamquam</span> <span class='ocrx_word' id='word_1_159' title='bbox 856 2355 919 2419; x_wconf 89' lang='lat' dir='ltr'>dei</span> <span class='ocrx_word' id='word_1_160' title='bbox 948 2359 985 2419; x_wconf 93' lang='lat' dir='ltr'>et</span> <span class='ocrx_word' id='word_1_161' title='bbox 1013 2356 1139 2420; x_wconf 91' lang='lat' dir='ltr'>illorum</span> <span class='ocrx_word' id='word_1_162' title='bbox 1163 2355 1366 2419; x_wconf 92' lang='lat' dir='ltr'>hominum</span> <span class='ocrx_word' id='word_1_163' title='bbox 1390 2375 1449 2419; x_wconf 96' lang='lat' dir='ltr'>non</span> 
     </span>
     <span class='ocr_line' id='line_1_20' title="bbox 308 2461 1449 2544; baseline 0.002 -20"><span class='ocrx_word' id='word_1_164' title='bbox 308 2462 404 2526; x_wconf 84' lang='lat' dir='ltr'>fuerit</span> <span class='ocrx_word' id='word_1_165' title='bbox 426 2462 628 2526; x_wconf 88' lang='lat' dir='ltr'>mediator</span> <span class='ocrx_word' id='word_1_166' title='bbox 649 2462 763 2526; x_wconf 89' lang='lat' dir='ltr'>homo</span> <span class='ocrx_word' id='word_1_167' title='bbox 789 2461 978 2526; x_wconf 82' lang='lat' dir='ltr'>Christus</span> <span class='ocrx_word' id='word_1_168' title='bbox 1003 2463 1131 2540; x_wconf 86' lang='lat' dir='ltr'>Iesus,</span> <span class='ocrx_word' id='word_1_169' title='bbox 1156 2463 1229 2544; x_wconf 88' lang='lat' dir='ltr'>qnia</span> <span class='ocrx_word' id='word_1_170' title='bbox 1252 2463 1390 2526; x_wconf 93' lang='lat' dir='ltr'>nondum</span> <span class='ocrx_word' id='word_1_171' title='bbox 1415 2482 1449 2526; x_wconf 81' lang='lat' dir='ltr'>en</span> 
     </span>
     <span class='ocr_line' id='line_1_21' title="bbox 308 2569 1496 2652; baseline -0.003 -22"><span class='ocrx_word' id='word_1_172' title='bbox 308 2571 398 2633; x_wconf 90' lang='lat' dir='ltr'>utero</span> <span class='ocrx_word' id='word_1_173' title='bbox 422 2569 554 2652; x_wconf 90' lang='lat' dir='ltr'>uirginis</span> <span class='ocrx_word' id='word_1_174' title='bbox 580 2587 671 2632; x_wconf 90' lang='lat' dir='ltr'>carne</span> <span class='ocrx_word' id='word_1_175' title='bbox 696 2571 843 2650; x_wconf 87' lang='lat' dir='ltr'>suscepta</span> <span class='ocrx_word' id='word_1_176' title='bbox 870 2569 964 2632; x_wconf 94' lang='lat' dir='ltr'>homo</span> <span class='ocrx_word' id='word_1_177' title='bbox 992 2569 1130 2632; x_wconf 90' lang='lat' dir='ltr'>nondum</span> <span class='ocrx_word' id='word_1_178' title='bbox 1158 2569 1229 2646; x_wconf 81' lang='lat' dir='ltr'>fnit,</span> <span class='ocrx_word' id='word_1_179' title='bbox 1254 2569 1377 2650; x_wconf 86' lang='lat' dir='ltr'>quando</span> <span class='ocrx_word' id='word_1_180' title='bbox 1402 2569 1449 2632; x_wconf 85' lang='lat' dir='ltr'>illi</span> <span class='ocrx_word' id='word_1_181' title='bbox 1469 2593 1496 2629; x_wconf 77' lang='lat' dir='ltr'>so</span> 
     </span>
     <span class='ocr_line' id='line_1_22' title="bbox 307 2674 1449 2757; baseline 0.002 -20"><span class='ocrx_word' id='word_1_182' title='bbox 307 2676 385 2740; x_wconf 91' lang='lat' dir='ltr'>iusti</span> <span class='ocrx_word' id='word_1_183' title='bbox 408 2676 546 2739; x_wconf 88' lang='lat' dir='ltr'>fuerunt.</span> <span class='ocrx_word' id='word_1_184' title='bbox 571 2674 655 2756; x_wconf 90' lang='lat' dir='ltr'>quod</span> <span class='ocrx_word' id='word_1_185' title='bbox 680 2675 707 2738; x_wconf 92' lang='lat' dir='ltr'>si</span> <span class='ocrx_word' id='word_1_186' title='bbox 729 2675 775 2738; x_wconf 86' lang='lat' dir='ltr'>ita</span> <span class='ocrx_word' id='word_1_187' title='bbox 799 2680 893 2749; x_wconf 90' lang='lat' dir='ltr'>esset,</span> <span class='ocrx_word' id='word_1_188' title='bbox 917 2695 1115 2757; x_wconf 86' lang='lat' dir='ltr'>nequaquam</span> <span class='ocrx_word' id='word_1_189' title='bbox 1135 2675 1298 2757; x_wconf 90' lang='lat' dir='ltr'>apostolus</span> <span class='ocrx_word' id='word_1_190' title='bbox 1318 2675 1449 2740; x_wconf 90' lang='lat' dir='ltr'>diceret:</span> 
     </span>
     <span class='ocr_line' id='line_1_23' title="bbox 308 2781 1448 2863; baseline 0.002 -19"><span class='ocrx_word' id='word_1_191' title='bbox 308 2801 378 2862; x_wconf 87' lang='lat' dir='ltr'>per</span> <span class='ocrx_word' id='word_1_192' title='bbox 413 2781 611 2844; x_wconf 91' lang='lat' dir='ltr'>hominem</span> <span class='ocrx_word' id='word_1_193' title='bbox 647 2799 752 2844; x_wconf 91' lang='lat' dir='ltr'>mors</span> <span class='ocrx_word' id='word_1_194' title='bbox 790 2784 826 2844; x_wconf 90' lang='lat' dir='ltr'>et</span> <span class='ocrx_word' id='word_1_195' title='bbox 862 2801 931 2863; x_wconf 87' lang='lat' dir='ltr'>per</span> <span class='ocrx_word' id='word_1_196' title='bbox 968 2782 1168 2846; x_wconf 90' lang='lat' dir='ltr'>hominem</span> <span class='ocrx_word' id='word_1_197' title='bbox 1196 2783 1448 2846; x_wconf 89' lang='lat' dir='ltr'>resurrectio</span> 
     </span>
     <span class='ocr_line' id='line_1_24' title="bbox 308 2886 1449 2964; baseline 0.001 -16"><span class='ocrx_word' id='word_1_198' title='bbox 308 2890 568 2950; x_wconf 88' lang='lat' dir='ltr'>mortuorum.</span> <span class='ocrx_word' id='word_1_199' title='bbox 594 2887 704 2950; x_wconf 89' lang='lat' dir='ltr'>sicut</span> <span class='ocrx_word' id='word_1_200' title='bbox 727 2886 828 2950; x_wconf 90' lang='lat' dir='ltr'>enim</span> <span class='ocrx_word' id='word_1_201' title='bbox 851 2887 889 2950; x_wconf 90' lang='lat' dir='ltr'>in</span> <span class='ocrx_word' id='word_1_202' title='bbox 912 2887 1032 2950; x_wconf 83' lang='lat' dir='ltr'>Adam</span> <span class='ocrx_word' id='word_1_203' title='bbox 1051 2901 1190 2952; x_wconf 86' lang='lat' dir='ltr'>¹omnes</span> <span class='ocrx_word' id='word_1_204' title='bbox 1210 2889 1449 2964; x_wconf 87' lang='lat' dir='ltr'>moriuntur,</span> 
     </span>
     <span class='ocr_line' id='line_1_25' title="bbox 309 2991 1449 3076; baseline 0.001 -21"><span class='ocrx_word' id='word_1_205' title='bbox 309 2992 367 3055; x_wconf 92' lang='lat' dir='ltr'>sio</span> <span class='ocrx_word' id='word_1_206' title='bbox 383 2996 420 3055; x_wconf 91' lang='lat' dir='ltr'>et</span> <span class='ocrx_word' id='word_1_207' title='bbox 441 2993 479 3056; x_wconf 88' lang='lat' dir='ltr'>in</span> <span class='ocrx_word' id='word_1_208' title='bbox 495 2991 659 3056; x_wconf 80' lang='lat' dir='ltr'>Christo</span> <span class='ocrx_word' id='word_1_209' title='bbox 681 3003 813 3056; x_wconf 89' lang='lat' dir='ltr'>omnes</span> <span class='ocrx_word' id='word_1_210' title='bbox 833 2993 1179 3070; x_wconf 85' lang='lat' dir='ltr'>uiuificabuntur‚</span> <span class='ocrx_word' id='word_1_211' title='bbox 1196 2993 1449 3076; x_wconf 89' lang='lat' dir='ltr'>quandoquidem</span> 
     </span>
     <span class='ocr_line' id='line_1_26' title="bbox 307 3091 1495 3182; baseline -0.001 -23"><span class='ocrx_word' id='word_1_212' title='bbox 307 3097 356 3160; x_wconf 90' lang='lat' dir='ltr'>illi</span> <span class='ocrx_word' id='word_1_213' title='bbox 379 3098 501 3178; x_wconf 88' lang='lat' dir='ltr'>antiqui</span> <span class='ocrx_word' id='word_1_214' title='bbox 523 3098 602 3161; x_wconf 90' lang='lat' dir='ltr'>iusti</span> <span class='ocrx_word' id='word_1_215' title='bbox 625 3091 799 3162; x_wconf 86' lang='lat' dir='ltr'>seeundum</span> <span class='ocrx_word' id='word_1_216' title='bbox 823 3099 957 3162; x_wconf 90' lang='lat' dir='ltr'>istorum</span> <span class='ocrx_word' id='word_1_217' title='bbox 981 3099 1164 3182; x_wconf 84' lang='lat' dir='ltr'>uaniloquia</span> <span class='ocrx_word' id='word_1_218' title='bbox 1188 3101 1249 3165; x_wconf 91' lang='lat' dir='ltr'>sibi</span> <span class='ocrx_word' id='word_1_219' title='bbox 1273 3099 1449 3164; x_wconf 79' lang='lat' dir='ltr'>sufficiente</span> <span class='ocrx_word' id='word_1_220' title='bbox 1468 3119 1495 3159; x_wconf 80' lang='lat' dir='ltr'>ss</span> 
     </span>
     <span class='ocr_line' id='line_1_27' title="bbox 307 3193 1448 3290; baseline 0.003 -24"><span class='ocrx_word' id='word_1_221' title='bbox 307 3206 418 3266; x_wconf 87' lang='lat' dir='ltr'>natura</span> <span class='ocrx_word' id='word_1_222' title='bbox 445 3222 502 3266; x_wconf 92' lang='lat' dir='ltr'>nec</span> <span class='ocrx_word' id='word_1_223' title='bbox 530 3195 702 3268; x_wconf 86' lang='lat' dir='ltr'>mediatore</span> <span class='ocrx_word' id='word_1_224' title='bbox 730 3205 856 3268; x_wconf 90' lang='lat' dir='ltr'>homine</span> <span class='ocrx_word' id='word_1_225' title='bbox 885 3203 1010 3269; x_wconf 81' lang='lat' dir='ltr'>Christo</span> <span class='ocrx_word' id='word_1_226' title='bbox 1028 3193 1251 3290; x_wconf 83' lang='lat' dir='ltr'>indiguerunt,</span> <span class='ocrx_word' id='word_1_227' title='bbox 1275 3227 1331 3290; x_wconf 88' lang='lat' dir='ltr'>per</span> <span class='ocrx_word' id='word_1_228' title='bbox 1354 3226 1448 3289; x_wconf 92' lang='lat' dir='ltr'>quem</span> 
     </span>
     <span class='ocr_line' id='line_1_28' title="bbox 306 3308 1448 3394; baseline 0.005 -24"><span class='ocrx_word' id='word_1_229' title='bbox 306 3308 582 3373; x_wconf 76' lang='lat' dir='ltr'>reconciliarentur</span> <span class='ocrx_word' id='word_1_230' title='bbox 606 3310 674 3385; x_wconf 87' lang='lat' dir='ltr'>deo,</span> <span class='ocrx_word' id='word_1_231' title='bbox 698 3330 754 3374; x_wconf 91' lang='lat' dir='ltr'>nec</span> <span class='ocrx_word' id='word_1_232' title='bbox 776 3311 808 3374; x_wconf 92' lang='lat' dir='ltr'>in</span> <span class='ocrx_word' id='word_1_233' title='bbox 833 3329 868 3374; x_wconf 90' lang='lat' dir='ltr'>eo</span> <span class='ocrx_word' id='word_1_234' title='bbox 888 3310 1145 3388; x_wconf 86' lang='lat' dir='ltr'>uiuificabuntur‚</span> <span class='ocrx_word' id='word_1_235' title='bbox 1166 3313 1203 3376; x_wconf 93' lang='lat' dir='ltr'>ad</span> <span class='ocrx_word' id='word_1_236' title='bbox 1224 3313 1315 3377; x_wconf 87' lang='lat' dir='ltr'>cuius</span> <span class='ocrx_word' id='word_1_237' title='bbox 1335 3332 1448 3394; x_wconf 91' lang='lat' dir='ltr'>corpus</span> 
     </span>
     <span class='ocr_line' id='line_1_29' title="bbox 308 3415 1448 3499; baseline 0.005 -23"><span class='ocrx_word' id='word_1_238' title='bbox 308 3416 340 3477; x_wconf 92' lang='lat' dir='ltr'>et</span> <span class='ocrx_word' id='word_1_239' title='bbox 362 3415 503 3477; x_wconf 90' lang='lat' dir='ltr'>membra</span> <span class='ocrx_word' id='word_1_240' title='bbox 527 3416 702 3480; x_wconf 91' lang='lat' dir='ltr'>secundum</span> <span class='ocrx_word' id='word_1_241' title='bbox 729 3416 762 3479; x_wconf 93' lang='lat' dir='ltr'>id</span> <span class='ocrx_word' id='word_1_242' title='bbox 793 3416 878 3498; x_wconf 91' lang='lat' dir='ltr'>quod</span> <span class='ocrx_word' id='word_1_243' title='bbox 904 3420 1032 3499; x_wconf 91' lang='lat' dir='ltr'>propter</span> <span class='ocrx_word' id='word_1_244' title='bbox 1060 3418 1204 3483; x_wconf 90' lang='lat' dir='ltr'>homines</span> <span class='ocrx_word' id='word_1_245' title='bbox 1228 3419 1322 3484; x_wconf 91' lang='lat' dir='ltr'>homo</span> <span class='ocrx_word' id='word_1_246' title='bbox 1347 3423 1448 3483; x_wconf 86' lang='lat' dir='ltr'>factus</span> 
     </span>
    </p>
   </div>
   <div class='ocr_carea' id='block_1_3' title="bbox 308 3674 1446 3822">
    <p class='ocr_par' dir='ltr' id='par_1_5' title="bbox 308 3674 1446 3822">
     <span class='ocr_line' id='line_1_30' title="bbox 397 3674 1446 3748; baseline 0.008 -22"><span class='ocrx_word' id='word_1_247' title='bbox 397 3674 590 3740; x_wconf 67' lang='lat' dir='ltr'>recesst,</span> <span class='ocrx_word' id='word_1_248' title='bbox 612 3677 645 3731; x_wconf 90' lang='lat'>10</span> <span class='ocrx_word' id='word_1_249' title='bbox 712 3677 781 3730; x_wconf 74' lang='lat' dir='ltr'>eof.</span> <span class='ocrx_word' id='word_1_250' title='bbox 801 3676 860 3730; x_wconf 89' lang='lat' dir='ltr'>Iud.</span> <span class='ocrx_word' id='word_1_251' title='bbox 880 3678 905 3746; x_wconf 85' lang='grc'>6,</span> <span class='ocrx_word' id='word_1_252' title='bbox 925 3678 957 3731; x_wconf 82' lang='grc'>37</span> <span class='ocrx_word' id='word_1_253' title='bbox 1029 3679 1061 3732; x_wconf 83' lang='lat'>18</span> <span class='ocrx_word' id='word_1_254' title='bbox 1082 3679 1233 3732; x_wconf 67' lang='lat' dir='ltr'>sutrim.</span> <span class='ocrx_word' id='word_1_255' title='bbox 1255 3681 1315 3748; x_wconf 82' lang='grc'>2,5</span> <span class='ocrx_word' id='word_1_256' title='bbox 1381 3681 1446 3734; x_wconf 84' lang='grc'>221</span> 
     </span>
     <span class='ocr_line' id='line_1_31' title="bbox 308 3759 546 3822; baseline 0.004 -8"><span class='ocrx_word' id='word_1_257' title='bbox 308 3759 367 3814; x_wconf 82' lang='lat' dir='ltr'>Cor.</span> <span class='ocrx_word' id='word_1_258' title='bbox 389 3762 429 3822; x_wconf 89' lang='grc'>15,</span> <span class='ocrx_word' id='word_1_259' title='bbox 450 3763 491 3815; x_wconf 87' lang='grc'>21.</span> <span class='ocrx_word' id='word_1_260' title='bbox 512 3765 546 3815; x_wconf 83' lang='grc'>22</span> 
     </span>
    </p>
   </div>
   <div class='ocr_carea' id='block_1_4' title="bbox 306 3869 1450 4136">
    <p class='ocr_par' dir='ltr' id='par_1_6' title="bbox 306 3869 1450 4136">
     <span class='ocr_line' id='line_1_32' title="bbox 345 3869 1449 3960; baseline 0.01 -25"><span class='ocrx_word' id='word_1_261' title='bbox 345 3885 355 3935; x_wconf 91' lang='lat'>1</span> <span class='ocrx_word' id='word_1_262' title='bbox 378 3884 540 3953; x_wconf 85' lang='lat' dir='ltr'>segregabat</span> <span class='ocrx_word' id='word_1_263' title='bbox 563 3886 589 3938; x_wconf 93' lang='lat' dir='ltr'><em>V</em></span> <span class='ocrx_word' id='word_1_264' title='bbox 640 3888 767 3941; x_wconf 86' lang='lat' dir='ltr'>ereditati</span> <span class='ocrx_word' id='word_1_265' title='bbox 785 3889 813 3942; x_wconf 94' lang='lat' dir='ltr'><strong><em>P</em></strong></span> <span class='ocrx_word' id='word_1_266' title='bbox 849 3891 864 3943; x_wconf 89' lang='lat'><strong>3</strong></span> <span class='ocrx_word' id='word_1_267' title='bbox 885 3877 1004 3942; x_wconf 81' lang='lat' dir='ltr'>cernitur</span> <span class='ocrx_word' id='word_1_268' title='bbox 1022 3895 1118 3960; x_wconf 90' lang='lat' dir='ltr'>patens</span> <span class='ocrx_word' id='word_1_269' title='bbox 1137 3869 1275 3960; x_wconf 90' lang='lat' dir='ltr'>tamquam</span> <span class='ocrx_word' id='word_1_270' title='bbox 1295 3893 1323 3945; x_wconf 91' lang='lat' dir='ltr'>in</span> <span class='ocrx_word' id='word_1_271' title='bbox 1343 3909 1405 3946; x_wconf 88' lang='lat' dir='ltr'>area</span> <span class='ocrx_word' id='word_1_272' title='bbox 1427 3893 1449 3946; x_wconf 82' lang='lat' dir='ltr'><em>C</em></span> 
     </span>
     <span class='ocr_line' id='line_1_33' title="bbox 306 3971 1450 4040; baseline 0.011 -17"><span class='ocrx_word' id='word_1_273' title='bbox 306 3974 324 4023; x_wconf 75' lang='lat'>4</span> <span class='ocrx_word' id='word_1_274' title='bbox 347 3971 420 4040; x_wconf 90' lang='lat' dir='ltr'>Non]</span> <span class='ocrx_word' id='word_1_275' title='bbox 444 3989 515 4026; x_wconf 90' lang='lat' dir='ltr'>nuno</span> <span class='ocrx_word' id='word_1_276' title='bbox 543 3973 568 4026; x_wconf 91' lang='lat' dir='ltr'><em>V</em></span> <span class='ocrx_word' id='word_1_277' title='bbox 655 3977 670 4029; x_wconf 89' lang='lat'>9</span> <span class='ocrx_word' id='word_1_278' title='bbox 695 3980 766 4030; x_wconf 89' lang='lat' dir='ltr'>esset</span> <span class='ocrx_word' id='word_1_279' title='bbox 789 3977 936 4030; x_wconf 89' lang='lat' dir='ltr'>uiuendum</span> <span class='ocrx_word' id='word_1_280' title='bbox 962 3978 1147 4032; x_wconf 76' lang='lat' dir='ltr'>eoarPVoa</span> <span class='ocrx_word' id='word_1_281' title='bbox 1237 3983 1269 4035; x_wconf 91' lang='lat'>11</span> <span class='ocrx_word' id='word_1_282' title='bbox 1293 3985 1390 4035; x_wconf 77' lang='lat' dir='ltr'>natura</span> <span class='ocrx_word' id='word_1_283' title='bbox 1413 3983 1450 4036; x_wconf 89' lang='lat' dir='ltr'><strong><em>M</em></strong></span> 
     </span>
     <span class='ocr_line' id='line_1_34' title="bbox 310 4059 1446 4136; baseline 0.013 -26"><span class='ocrx_word' id='word_1_284' title='bbox 310 4059 341 4111; x_wconf 82' lang='lat'>12</span> <span class='ocrx_word' id='word_1_285' title='bbox 365 4059 487 4128; x_wconf 84' lang='lat' dir='ltr'>robigine</span> <span class='ocrx_word' id='word_1_286' title='bbox 510 4061 546 4113; x_wconf 90' lang='lat' dir='ltr'><strong><em>M</em></strong></span> <span class='ocrx_word' id='word_1_287' title='bbox 654 4065 685 4117; x_wconf 89' lang='lat'>13</span> <span class='ocrx_word' id='word_1_288' title='bbox 711 4081 789 4132; x_wconf 87' lang='lat' dir='ltr'>quarn</span> <span class='ocrx_word' id='word_1_289' title='bbox 812 4066 896 4118; x_wconf 88' lang='lat' dir='ltr'>nimia</span> <span class='ocrx_word' id='word_1_290' title='bbox 911 4072 975 4133; x_wconf 84' lang='lat' dir='ltr'>post</span> <span class='ocrx_word' id='word_1_291' title='bbox 994 4066 1136 4136; x_wconf 86' lang='lat' dir='ltr'>disputant</span> <span class='ocrx_word' id='word_1_292' title='bbox 1157 4069 1180 4122; x_wconf 80' lang='lat'><em>0</em></span> <span class='ocrx_word' id='word_1_293' title='bbox 1287 4071 1320 4124; x_wconf 90' lang='grc'>14</span> <span class='ocrx_word' id='word_1_294' title='bbox 1337 4071 1446 4124; x_wconf 88' lang='lat' dir='ltr'>ualetb</span> 
     </span>
    </p>
   </div>
   <div class='ocr_carea' id='block_1_5' title="bbox 306 4147 1446 4307">
    <p class='ocr_par' dir='ltr' id='par_1_7' title="bbox 306 4147 1446 4307">
     <span class='ocr_line' id='line_1_35' title="bbox 306 4147 1446 4232; baseline 0.011 -32"><span class='ocrx_word' id='word_1_295' title='bbox 306 4147 483 4200; x_wconf 70' lang='lat' dir='ltr'>asinodam</span> <span class='ocrx_word' id='word_1_296' title='bbox 504 4150 622 4232; x_wconf 48' lang='lat' dir='ltr'>enim-T</span> <span class='ocrx_word' id='word_1_297' title='bbox 692 4170 783 4206; x_wconf 89' lang='lat' dir='ltr'>omnes</span> <span class='ocrx_word' id='word_1_298' title='bbox 802 4155 829 4205; x_wconf 94' lang='lat' dir='ltr'>in</span> <span class='ocrx_word' id='word_1_299' title='bbox 849 4153 927 4206; x_wconf 88' lang='lat' dir='ltr'>adam</span> <span class='ocrx_word' id='word_1_300' title='bbox 949 4153 989 4207; x_wconf 85' lang='lat' dir='ltr'>Cb</span> <span class='ocrx_word' id='word_1_301' title='bbox 1052 4156 1086 4208; x_wconf 84' lang='lat'>24</span> <span class='ocrx_word' id='word_1_302' title='bbox 1105 4157 1154 4226; x_wconf 84' lang='lat' dir='ltr'>sio]</span> <span class='ocrx_word' id='word_1_303' title='bbox 1174 4158 1258 4212; x_wconf 82' lang='lat' dir='ltr'>itaC</span> <span class='ocrx_word' id='word_1_304' title='bbox 1310 4159 1446 4215; x_wconf 74' lang='lat' dir='ltr'>comedi-</span> 
     </span>
     <span class='ocr_line' id='line_1_36' title="bbox 306 4237 729 4307; baseline 0.017 -20"><span class='ocrx_word' id='word_1_305' title='bbox 306 4237 494 4289; x_wconf 80' lang='lat' dir='ltr'>torem.10</span> <span class='ocrx_word' id='word_1_306' title='bbox 564 4239 729 4307; x_wconf 82' lang='lat' dir='ltr'>xpoom.0</span> 
     </span>
    </p>
   </div>
   <div class='ocr_carea' id='block_1_6' title="bbox 0 0 1698 4946">
    <p class='ocr_par' dir='ltr' id='par_1_8' title="bbox 0 0 1698 4946">
     <span class='ocr_line' id='line_1_37' title="bbox 0 0 1698 4946; baseline 0 1"><span class='ocrx_word' id='word_1_307' title='bbox 0 0 1698 4946; x_wconf 95' lang='lat' dir='ltr'> </span> 
     </span>
    </p>
   </div>
  </div>
 </body>
</html>
