<?xml version="1.0" encoding="UTF-8"?>
<!DOCTYPE html PUBLIC "-//W3C//DTD XHTML 1.0 Transitional//EN"
    "http://www.w3.org/TR/xhtml1/DTD/xhtml1-transitional.dtd">
<html xmlns="http://www.w3.org/1999/xhtml" xml:lang="en" lang="en">
 <head>
  <title>
</title>
<meta http-equiv="Content-Type" content="text/html;charset=utf-8" />
  <meta name='ocr-system' content='tesseract 3.04.00' />
  <meta name='ocr-capabilities' content='ocr_page ocr_carea ocr_par ocr_line ocrx_word'/>
</head>
<body>
  <div class='ocr_page' id='page_1' title='image "./sanctiavreliavg02zychgoog_0356.png"; bbox 0 0 3410 4952; ppageno 0'>
   <div class='ocr_carea' id='block_1_1' title="bbox 304 298 1095 368">
    <p class='ocr_par' dir='ltr' id='par_1_1' title="bbox 304 298 1095 368">
     <span class='ocr_line' id='line_1_1' title="bbox 304 298 1095 368; baseline -0.006 -10"><span class='ocrx_word' id='word_1_1' title='bbox 304 303 368 366; x_wconf 84' lang='lat'><strong>312</strong></span> <span class='ocrx_word' id='word_1_2' title='bbox 656 298 682 352; x_wconf 87' lang='lat' dir='ltr'><strong>S.</strong></span> <span class='ocrx_word' id='word_1_3' title='bbox 712 299 848 352; x_wconf 83' lang='lat' dir='ltr'>Aureli</span> <span class='ocrx_word' id='word_1_4' title='bbox 880 299 1095 368; x_wconf 82' lang='lat' dir='ltr'>Augustini</span> 
     </span>
    </p>
   </div>
   <div class='ocr_carea' id='block_1_2' title="bbox 301 491 1502 3346">
    <p class='ocr_par' dir='ltr' id='par_1_2' title="bbox 301 491 1502 3346">
     <span class='ocr_line' id='line_1_2' title="bbox 301 491 1502 576; baseline 0.002 -20"><span class='ocrx_word' id='word_1_5' title='bbox 301 492 505 575; x_wconf 83' lang='lat' dir='ltr'>persuasione</span> <span class='ocrx_word' id='word_1_6' title='bbox 535 492 727 556; x_wconf 82' lang='lat' dir='ltr'>sauoiauerit</span> <span class='ocrx_word' id='word_1_7' title='bbox 756 491 1007 557; x_wconf 79' lang='lat' dir='ltr'>inoboedientiae</span> <span class='ocrx_word' id='word_1_8' title='bbox 1031 493 1247 575; x_wconf 81' lang='lat' dir='ltr'>persuadendo</span> <span class='ocrx_word' id='word_1_9' title='bbox 1272 497 1448 576; x_wconf 85' lang='lat' dir='ltr'>peecatum,</span> <span class='ocrx_word' id='word_1_10' title='bbox 1500 498 1502 500; x_wconf 79' lang='grc'><strong>’</strong></span> 
     </span>
     <span class='ocr_line' id='line_1_3' title="bbox 304 597 1450 682; baseline 0.001 -19"><span class='ocrx_word' id='word_1_11' title='bbox 304 600 355 663; x_wconf 90' lang='grc'><strong>661</strong></span> <span class='ocrx_word' id='word_1_12' title='bbox 378 618 434 680; x_wconf 87' lang='grc'><strong>666</strong></span> <span class='ocrx_word' id='word_1_13' title='bbox 458 597 600 662; x_wconf 90' lang='lat' dir='ltr'>diuinum</span> <span class='ocrx_word' id='word_1_14' title='bbox 624 598 778 663; x_wconf 85' lang='lat' dir='ltr'>iudicium</span> <span class='ocrx_word' id='word_1_15' title='bbox 802 597 1037 662; x_wconf 84' lang='lat' dir='ltr'>inoboedientia</span> <span class='ocrx_word' id='word_1_16' title='bbox 1059 598 1273 662; x_wconf 88' lang='lat' dir='ltr'>membrorum</span> <span class='ocrx_word' id='word_1_17' title='bbox 1292 601 1450 682; x_wconf 88' lang='lat' dir='ltr'>reoiprooa</span> 
     </span>
     <span class='ocr_line' id='line_1_4' title="bbox 304 705 1448 788; baseline 0.001 -20"><span class='ocrx_word' id='word_1_18' title='bbox 304 706 497 784; x_wconf 78' lang='lat' dir='ltr'>redderetur,</span> <span class='ocrx_word' id='word_1_19' title='bbox 529 705 561 768; x_wconf 92' lang='lat' dir='ltr'>in</span> <span class='ocrx_word' id='word_1_20' title='bbox 596 724 658 787; x_wconf 90' lang='lat' dir='ltr'>qua</span> <span class='ocrx_word' id='word_1_21' title='bbox 686 705 858 788; x_wconf 74' lang='lat' dir='ltr'>coniugati,</span> <span class='ocrx_word' id='word_1_22' title='bbox 888 705 1034 786; x_wconf 89' lang='lat' dir='ltr'>quamuis</span> <span class='ocrx_word' id='word_1_23' title='bbox 1063 706 1246 771; x_wconf 83' lang='lat' dir='ltr'>erubuerint</span> <span class='ocrx_word' id='word_1_24' title='bbox 1274 707 1448 771; x_wconf 86' lang='lat' dir='ltr'>nuditatem</span> 
     </span>
     <span class='ocr_line' id='line_1_5' title="bbox 305 811 1449 894; baseline 0.002 -18"><span class='ocrx_word' id='word_1_25' title='bbox 305 831 405 890; x_wconf 75' lang='lat' dir='ltr'>suam,</span> <span class='ocrx_word' id='word_1_26' title='bbox 443 812 626 894; x_wconf 85' lang='lat' dir='ltr'>nuptiarum</span> <span class='ocrx_word' id='word_1_27' title='bbox 663 815 768 876; x_wconf 87' lang='lat' dir='ltr'>tamen</span> <span class='ocrx_word' id='word_1_28' title='bbox 806 831 823 875; x_wconf 90' lang='lat' dir='ltr'>a</span> <span class='ocrx_word' id='word_1_29' title='bbox 861 811 917 876; x_wconf 93' lang='lat' dir='ltr'><strong>deo</strong></span> <span class='ocrx_word' id='word_1_30' title='bbox 955 811 1136 876; x_wconf 86' lang='lat' dir='ltr'>institutam</span> <span class='ocrx_word' id='word_1_31' title='bbox 1175 831 1236 876; x_wconf 95' lang='grc'><strong>666</strong></span> <span class='ocrx_word' id='word_1_32' title='bbox 1270 814 1449 878; x_wconf 91' lang='lat' dir='ltr'>omnimodo</span> 
     </span>
     <span class='ocr_line' id='line_1_6' title="bbox 305 919 1495 1001; baseline -0.001 -18"><span class='ocrx_word' id='word_1_33' title='bbox 305 921 477 1001; x_wconf 88' lang='lat' dir='ltr'>potuerunt</span> <span class='ocrx_word' id='word_1_34' title='bbox 501 919 644 984; x_wconf 85' lang='lat' dir='ltr'>amittere</span> <span class='ocrx_word' id='word_1_35' title='bbox 668 919 853 983; x_wconf 88' lang='lat' dir='ltr'>bonitatem.</span> <span class='ocrx_word' id='word_1_36' title='bbox 1482 943 1495 982; x_wconf 83' lang='lat' dir='ltr'>s</span> 
     </span>
     <span class='ocr_line' id='line_1_7' title="bbox 349 1025 1451 1109; baseline 0.003 -21"><span class='ocrx_word' id='word_1_37' title='bbox 349 1026 496 1090; x_wconf 88' lang='lat' dir='ltr'>XXXIII.</span> <span class='ocrx_word' id='word_1_38' title='bbox 523 1027 575 1090; x_wconf 84' lang='lat'><strong>55.</strong></span> <span class='ocrx_word' id='word_1_39' title='bbox 599 1025 682 1089; x_wconf 86' lang='lat' dir='ltr'>Hine</span> <span class='ocrx_word' id='word_1_40' title='bbox 706 1026 896 1108; x_wconf 82' lang='lat' dir='ltr'>istepergit</span> <span class='ocrx_word' id='word_1_41' title='bbox 920 1026 957 1090; x_wconf 92' lang='lat' dir='ltr'>ab</span> <span class='ocrx_word' id='word_1_42' title='bbox 982 1025 1039 1103; x_wconf 90' lang='lat' dir='ltr'>eis,</span> <span class='ocrx_word' id='word_1_43' title='bbox 1064 1027 1117 1108; x_wconf 91' lang='lat' dir='ltr'>qui</span> <span class='ocrx_word' id='word_1_44' title='bbox 1142 1025 1384 1109; x_wconf 74' lang='lat' dir='ltr'>coniunguntur,</span> <span class='ocrx_word' id='word_1_45' title='bbox 1413 1027 1451 1091; x_wconf 93' lang='lat' dir='ltr'>ad</span> 
     </span>
     <span class='ocr_line' id='line_1_8' title="bbox 305 1132 1450 1216; baseline 0 -19"><span class='ocrx_word' id='word_1_46' title='bbox 305 1150 369 1210; x_wconf 82' lang='lat' dir='ltr'>eos,</span> <span class='ocrx_word' id='word_1_47' title='bbox 404 1132 458 1214; x_wconf 91' lang='lat' dir='ltr'>qui</span> <span class='ocrx_word' id='word_1_48' title='bbox 492 1133 674 1216; x_wconf 78' lang='lat' dir='ltr'>gignuntur,</span> <span class='ocrx_word' id='word_1_49' title='bbox 708 1135 836 1216; x_wconf 86' lang='lat' dir='ltr'>propter</span> <span class='ocrx_word' id='word_1_50' title='bbox 869 1150 948 1214; x_wconf 93' lang='lat' dir='ltr'>quos</span> <span class='ocrx_word' id='word_1_51' title='bbox 981 1132 1013 1196; x_wconf 92' lang='lat' dir='ltr'>in</span> <span class='ocrx_word' id='word_1_52' title='bbox 1046 1132 1104 1196; x_wconf 89' lang='lat' dir='ltr'>hae</span> <span class='ocrx_word' id='word_1_53' title='bbox 1138 1133 1322 1214; x_wconf 81' lang='lat' dir='ltr'>quaestione</span> <span class='ocrx_word' id='word_1_54' title='bbox 1354 1134 1450 1197; x_wconf 88' lang='grc'><strong>166116</strong></span> 
     </span>
     <span class='ocr_line' id='line_1_9' title="bbox 304 1238 1451 1322; baseline 0.003 -22"><span class='ocrx_word' id='word_1_55' title='bbox 304 1238 458 1303; x_wconf 89' lang='lat' dir='ltr'>aduersus</span> <span class='ocrx_word' id='word_1_56' title='bbox 474 1259 574 1304; x_wconf 91' lang='lat' dir='ltr'>nouos</span> <span class='ocrx_word' id='word_1_57' title='bbox 589 1239 764 1303; x_wconf 79' lang='lat' dir='ltr'>haereticos</span> <span class='ocrx_word' id='word_1_58' title='bbox 781 1238 1051 1322; x_wconf 86' lang='lat' dir='ltr'>disputationibus</span> <span class='ocrx_word' id='word_1_59' title='bbox 1066 1239 1258 1318; x_wconf 86' lang='lat' dir='ltr'>laboramus,</span> <span class='ocrx_word' id='word_1_60' title='bbox 1279 1243 1311 1303; x_wconf 90' lang='grc'><strong>61</strong></span> <span class='ocrx_word' id='word_1_61' title='bbox 1327 1239 1451 1304; x_wconf 90' lang='grc'><strong>6666116</strong></span> 
     </span>
     <span class='ocr_line' id='line_1_10' title="bbox 304 1344 1451 1429; baseline 0.002 -22"><span class='ocrx_word' id='word_1_62' title='bbox 304 1344 352 1408; x_wconf 93' lang='lat' dir='ltr'>dei</span> <span class='ocrx_word' id='word_1_63' title='bbox 378 1346 549 1429; x_wconf 80' lang='lat' dir='ltr'>conpulsus</span> <span class='ocrx_word' id='word_1_64' title='bbox 574 1345 727 1410; x_wconf 87' lang='lat' dir='ltr'>instinctu</span> <span class='ocrx_word' id='word_1_65' title='bbox 752 1345 828 1409; x_wconf 90' lang='lat' dir='ltr'>dioit</span> <span class='ocrx_word' id='word_1_66' title='bbox 853 1345 983 1426; x_wconf 82' lang='lat' dir='ltr'>aliquid,</span> <span class='ocrx_word' id='word_1_67' title='bbox 1008 1346 1064 1410; x_wconf 92' lang='lat' dir='ltr'>ubi</span> <span class='ocrx_word' id='word_1_68' title='bbox 1086 1349 1190 1410; x_wconf 86' lang='lat' dir='ltr'>totum</span> <span class='ocrx_word' id='word_1_69' title='bbox 1214 1345 1313 1411; x_wconf 84' lang='lat' dir='ltr'>istum</span> <span class='ocrx_word' id='word_1_70' title='bbox 1333 1346 1451 1410; x_wconf 90' lang='lat' dir='ltr'>nodum</span> 
     </span>
     <span class='ocr_line' id='line_1_11' title="bbox 305 1451 1497 1539; baseline -0.001 -25"><span class='ocrx_word' id='word_1_71' title='bbox 305 1470 362 1514; x_wconf 89' lang='lat' dir='ltr'><strong>sua</strong></span> <span class='ocrx_word' id='word_1_72' title='bbox 386 1452 581 1539; x_wconf 79' lang='lat' dir='ltr'>confessione</span> <span class='ocrx_word' id='word_1_73' title='bbox 606 1451 765 1516; x_wconf 85' lang='lat' dir='ltr'>dissoluit.</span> <span class='ocrx_word' id='word_1_74' title='bbox 789 1452 899 1517; x_wconf 89' lang='lat' dir='ltr'>uolens</span> <span class='ocrx_word' id='word_1_75' title='bbox 921 1453 1004 1516; x_wconf 92' lang='lat' dir='ltr'>enim</span> <span class='ocrx_word' id='word_1_76' title='bbox 1022 1453 1112 1517; x_wconf 92' lang='lat' dir='ltr'>nobis</span> <span class='ocrx_word' id='word_1_77' title='bbox 1131 1453 1281 1516; x_wconf 90' lang='lat' dir='ltr'>maiorem</span> <span class='ocrx_word' id='word_1_78' title='bbox 1299 1452 1452 1516; x_wconf 92' lang='lat' dir='ltr'>inuidiam</span> <span class='ocrx_word' id='word_1_79' title='bbox 1472 1475 1497 1513; x_wconf 76' lang='lat' dir='ltr'><strong>ro</strong></span> 
     </span>
     <span class='ocr_line' id='line_1_12' title="bbox 305 1559 1451 1643; baseline 0 -21"><span class='ocrx_word' id='word_1_80' title='bbox 305 1577 514 1636; x_wconf 77' lang='lat' dir='ltr'>oommouere,</span> <span class='ocrx_word' id='word_1_81' title='bbox 554 1559 629 1640; x_wconf 88' lang='lat' dir='ltr'>quia</span> <span class='ocrx_word' id='word_1_82' title='bbox 666 1559 801 1624; x_wconf 83' lang='lat' dir='ltr'>dicimus</span> <span class='ocrx_word' id='word_1_83' title='bbox 840 1559 936 1623; x_wconf 90' lang='lat' dir='ltr'>etiam</span> <span class='ocrx_word' id='word_1_84' title='bbox 974 1559 1011 1623; x_wconf 93' lang='lat' dir='ltr'><strong>de</strong></span> <span class='ocrx_word' id='word_1_85' title='bbox 1048 1559 1202 1643; x_wconf 84' lang='lat' dir='ltr'>legitimis</span> <span class='ocrx_word' id='word_1_86' title='bbox 1239 1559 1360 1641; x_wconf 90' lang='lat' dir='ltr'>nuptiis</span> <span class='ocrx_word' id='word_1_87' title='bbox 1393 1560 1451 1622; x_wconf 88' lang='lat' dir='ltr'>sub</span> 
     </span>
     <span class='ocr_line' id='line_1_13' title="bbox 303 1665 1453 1749; baseline 0.001 -22"><span class='ocrx_word' id='word_1_88' title='bbox 303 1667 432 1745; x_wconf 83' lang='lat' dir='ltr'>peceato</span> <span class='ocrx_word' id='word_1_89' title='bbox 452 1666 604 1747; x_wconf 87' lang='lat' dir='ltr'>paruulos</span> <span class='ocrx_word' id='word_1_90' title='bbox 623 1665 721 1741; x_wconf 85' lang='lat' dir='ltr'>nasei,</span> <span class='ocrx_word' id='word_1_91' title='bbox 741 1666 824 1730; x_wconf 87' lang='lat' dir='ltr'>‘illos</span> <span class='ocrx_word' id='word_1_92' title='bbox 844 1673 940 1749; x_wconf 69' lang='lat' dir='ltr'>ergo,</span> <span class='ocrx_word' id='word_1_93' title='bbox 964 1666 1077 1748; x_wconf 87' lang='lat' dir='ltr'>iuquit,</span> <span class='ocrx_word' id='word_1_94' title='bbox 1102 1665 1167 1748; x_wconf 83' lang='lat' dir='ltr'>‘qui</span> <span class='ocrx_word' id='word_1_95' title='bbox 1190 1685 1364 1747; x_wconf 88' lang='lat' dir='ltr'>numquam</span> <span class='ocrx_word' id='word_1_96' title='bbox 1387 1665 1453 1728; x_wconf 93' lang='lat' dir='ltr'>nati</span> 
     </span>
     <span class='ocr_line' id='line_1_14' title="bbox 305 1772 1452 1854; baseline 0.002 -21"><span class='ocrx_word' id='word_1_97' title='bbox 305 1775 388 1849; x_wconf 89' lang='grc'><strong>6661,</strong></span> <span class='ocrx_word' id='word_1_98' title='bbox 416 1772 515 1836; x_wconf 90' lang='grc'><strong>16666</strong></span> <span class='ocrx_word' id='word_1_99' title='bbox 544 1772 690 1854; x_wconf 86' lang='grc'><strong>66161666</strong></span> <span class='ocrx_word' id='word_1_100' title='bbox 719 1791 790 1836; x_wconf 88' lang='grc'><strong>6666</strong></span> <span class='ocrx_word' id='word_1_101' title='bbox 815 1773 905 1850; x_wconf 86' lang='lat' dir='ltr'>diois,</span> <span class='ocrx_word' id='word_1_102' title='bbox 929 1773 1010 1836; x_wconf 88' lang='lat' dir='ltr'>istos</span> <span class='ocrx_word' id='word_1_103' title='bbox 1038 1791 1124 1850; x_wconf 74' lang='lat' dir='ltr'>uero,</span> <span class='ocrx_word' id='word_1_104' title='bbox 1151 1772 1205 1854; x_wconf 87' lang='lat' dir='ltr'>qui</span> <span class='ocrx_word' id='word_1_105' title='bbox 1230 1773 1385 1836; x_wconf 91' lang='lat' dir='ltr'>muudum</span> <span class='ocrx_word' id='word_1_106' title='bbox 1408 1772 1452 1835; x_wconf 94' lang='lat' dir='ltr'>in-</span> 
     </span>
     <span class='ocr_line' id='line_1_15' title="bbox 304 1878 1454 1961; baseline 0.001 -21"><span class='ocrx_word' id='word_1_107' title='bbox 304 1879 483 1960; x_wconf 81' lang='grc'><strong>616666661,</strong></span> <span class='ocrx_word' id='word_1_108' title='bbox 514 1898 569 1959; x_wconf 89' lang='grc'><strong>666</strong></span> <span class='ocrx_word' id='word_1_109' title='bbox 600 1879 716 1960; x_wconf 88' lang='lat' dir='ltr'>quibus</span> <span class='ocrx_word' id='word_1_110' title='bbox 742 1878 887 1943; x_wconf 82' lang='lat' dir='ltr'>Christus</span> <span class='ocrx_word' id='word_1_111' title='bbox 919 1881 1064 1944; x_wconf 82' lang='lat' dir='ltr'>mortuns</span> <span class='ocrx_word' id='word_1_112' title='bbox 1094 1881 1153 1955; x_wconf 86' lang='lat' dir='ltr'>est,</span> <span class='ocrx_word' id='word_1_113' title='bbox 1174 1878 1292 1942; x_wconf 89' lang='lat' dir='ltr'>diaboii</span> <span class='ocrx_word' id='word_1_114' title='bbox 1317 1898 1396 1961; x_wconf 90' lang='lat' dir='ltr'>opus</span> <span class='ocrx_word' id='word_1_115' title='bbox 1422 1881 1454 1942; x_wconf 89' lang='lat' dir='ltr'><strong>et</strong></span> 
     </span>
     <span class='ocr_line' id='line_1_16' title="bbox 305 1983 1498 2067; baseline 0.002 -21"><span class='ocrx_word' id='word_1_116' title='bbox 305 1983 343 2046; x_wconf 92' lang='lat' dir='ltr'><strong>de</strong></span> <span class='ocrx_word' id='word_1_117' title='bbox 376 1985 484 2048; x_wconf 86' lang='lat' dir='ltr'>morbo</span> <span class='ocrx_word' id='word_1_118' title='bbox 517 1988 608 2049; x_wconf 90' lang='lat' dir='ltr'>natos</span> <span class='ocrx_word' id='word_1_119' title='bbox 643 1987 674 2048; x_wconf 90' lang='lat' dir='ltr'><strong>et</strong></span> <span class='ocrx_word' id='word_1_120' title='bbox 702 1985 739 2049; x_wconf 91' lang='lat' dir='ltr'>ab</span> <span class='ocrx_word' id='word_1_121' title='bbox 770 1985 893 2049; x_wconf 81' lang='lat' dir='ltr'>exordio</span> <span class='ocrx_word' id='word_1_122' title='bbox 922 2005 993 2049; x_wconf 91' lang='lat' dir='ltr'>reos</span> <span class='ocrx_word' id='word_1_123' title='bbox 1022 1983 1143 2048; x_wconf 91' lang='lat' dir='ltr'>definis.</span> <span class='ocrx_word' id='word_1_124' title='bbox 1167 1985 1301 2066; x_wconf 87' lang='lat' dir='ltr'>probaui</span> <span class='ocrx_word' id='word_1_125' title='bbox 1323 1985 1451 2067; x_wconf 66' lang='lat' dir='ltr'>itaque,</span> <span class='ocrx_word' id='word_1_126' title='bbox 1472 2007 1498 2048; x_wconf 82' lang='lat' dir='ltr'>rs</span> 
     </span>
     <span class='ocr_line' id='line_1_17' title="bbox 304 2090 1454 2176; baseline 0 -22"><span class='ocrx_word' id='word_1_127' title='bbox 304 2091 417 2172; x_wconf 88' lang='lat' dir='ltr'>inquit,</span> <span class='ocrx_word' id='word_1_128' title='bbox 442 2091 531 2155; x_wconf 77' lang='lat' dir='ltr'>‘nihil</span> <span class='ocrx_word' id='word_1_129' title='bbox 553 2095 585 2156; x_wconf 91' lang='grc'><strong>16</strong></span> <span class='ocrx_word' id='word_1_130' title='bbox 610 2092 697 2156; x_wconf 92' lang='lat' dir='ltr'>aliud</span> <span class='ocrx_word' id='word_1_131' title='bbox 721 2110 938 2176; x_wconf 82' lang='lat' dir='ltr'>age1·e‚quam</span> <span class='ocrx_word' id='word_1_132' title='bbox 957 2096 994 2156; x_wconf 91' lang='grc'><strong>61</strong></span> <span class='ocrx_word' id='word_1_133' title='bbox 1019 2091 1111 2156; x_wconf 91' lang='lat' dir='ltr'>deum</span> <span class='ocrx_word' id='word_1_134' title='bbox 1136 2109 1232 2174; x_wconf 86' lang='lat' dir='ltr'>neges</span> <span class='ocrx_word' id='word_1_135' title='bbox 1256 2091 1379 2168; x_wconf 80' lang='lat' dir='ltr'>horum,</span> <span class='ocrx_word' id='word_1_136' title='bbox 1400 2090 1454 2173; x_wconf 92' lang='lat' dir='ltr'>qui</span> 
     </span>
     <span class='ocr_line' id='line_1_18' title="bbox 306 2196 1454 2281; baseline -0.002 -19"><span class='ocrx_word' id='word_1_137' title='bbox 306 2201 389 2273; x_wconf 80' lang='lat' dir='ltr'>sunt,</span> <span class='ocrx_word' id='word_1_138' title='bbox 414 2198 577 2263; x_wconf 90' lang='lat' dir='ltr'>hominum</span> <span class='ocrx_word' id='word_1_139' title='bbox 601 2199 816 2263; x_wconf 82' lang='lat' dir='ltr'>conditorem&#39;.</span> <span class='ocrx_word' id='word_1_140' title='bbox 842 2216 899 2281; x_wconf 85' lang='lat' dir='ltr'><strong>ego</strong></span> <span class='ocrx_word' id='word_1_141' title='bbox 925 2198 1052 2280; x_wconf 90' lang='lat' dir='ltr'>quidem</span> <span class='ocrx_word' id='word_1_142' title='bbox 1076 2196 1271 2261; x_wconf 82' lang='lat' dir='ltr'>conditorem</span> <span class='ocrx_word' id='word_1_143' title='bbox 1289 2197 1454 2260; x_wconf 90' lang='lat' dir='ltr'>hominum</span> 
     </span>
     <span class='ocr_line' id='line_1_19' title="bbox 307 2304 1451 2386; baseline -0.002 -17"><span class='ocrx_word' id='word_1_144' title='bbox 307 2304 458 2381; x_wconf 85' lang='lat' dir='ltr'>omnium,</span> <span class='ocrx_word' id='word_1_145' title='bbox 487 2305 632 2386; x_wconf 89' lang='lat' dir='ltr'>quamuis</span> <span class='ocrx_word' id='word_1_146' title='bbox 661 2324 768 2369; x_wconf 89' lang='lat' dir='ltr'>omues</span> <span class='ocrx_word' id='word_1_147' title='bbox 798 2305 857 2368; x_wconf 93' lang='lat' dir='ltr'>snb</span> <span class='ocrx_word' id='word_1_148' title='bbox 885 2307 1015 2386; x_wconf 89' lang='grc'><strong>6666616</strong></span> <span class='ocrx_word' id='word_1_149' title='bbox 1044 2307 1215 2368; x_wconf 77' lang='lat' dir='ltr'>nascantur</span> <span class='ocrx_word' id='word_1_150' title='bbox 1248 2307 1279 2368; x_wconf 93' lang='grc'><strong>61</strong></span> <span class='ocrx_word' id='word_1_151' title='bbox 1313 2308 1451 2385; x_wconf 81' lang='lat' dir='ltr'>pereant,</span> 
     </span>
     <span class='ocr_line' id='line_1_20' title="bbox 306 2409 1454 2493; baseline 0.002 -21"><span class='ocrx_word' id='word_1_152' title='bbox 306 2409 368 2473; x_wconf 90' lang='lat' dir='ltr'>nisi</span> <span class='ocrx_word' id='word_1_153' title='bbox 404 2414 615 2488; x_wconf 80' lang='lat' dir='ltr'>renascantur,</span> <span class='ocrx_word' id='word_1_154' title='bbox 654 2431 714 2476; x_wconf 93' lang='lat' dir='ltr'><strong>non</strong></span> <span class='ocrx_word' id='word_1_155' title='bbox 752 2412 821 2476; x_wconf 84' lang='lat' dir='ltr'>dieo</span> <span class='ocrx_word' id='word_1_156' title='bbox 860 2411 922 2474; x_wconf 91' lang='grc'><strong>6161</strong></span> <span class='ocrx_word' id='word_1_157' title='bbox 960 2410 1069 2486; x_wconf 93' lang='lat' dir='ltr'>deum;</span> <span class='ocrx_word' id='word_1_158' title='bbox 1102 2411 1220 2475; x_wconf 84' lang='lat' dir='ltr'>uitium</span> <span class='ocrx_word' id='word_1_159' title='bbox 1258 2411 1376 2493; x_wconf 87' lang='lat' dir='ltr'>quippe</span> <span class='ocrx_word' id='word_1_160' title='bbox 1409 2411 1454 2474; x_wconf 94' lang='lat' dir='ltr'>in·</span> 
     </span>
     <span class='ocr_line' id='line_1_21' title="bbox 307 2516 1499 2600; baseline 0 -20"><span class='ocrx_word' id='word_1_161' title='bbox 307 2517 498 2580; x_wconf 88' lang='lat' dir='ltr'>seminatum</span> <span class='ocrx_word' id='word_1_162' title='bbox 523 2521 572 2582; x_wconf 92' lang='grc'><strong>661</strong></span> <span class='ocrx_word' id='word_1_163' title='bbox 596 2519 798 2600; x_wconf 89' lang='lat' dir='ltr'>persuasione</span> <span class='ocrx_word' id='word_1_164' title='bbox 823 2518 950 2596; x_wconf 78' lang='lat' dir='ltr'>diaboli,</span> <span class='ocrx_word' id='word_1_165' title='bbox 974 2537 1029 2600; x_wconf 89' lang='lat' dir='ltr'><strong>per</strong></span> <span class='ocrx_word' id='word_1_166' title='bbox 1053 2518 1136 2599; x_wconf 93' lang='lat' dir='ltr'>quod</span> <span class='ocrx_word' id='word_1_167' title='bbox 1160 2518 1219 2582; x_wconf 92' lang='lat' dir='ltr'>sub</span> <span class='ocrx_word' id='word_1_168' title='bbox 1239 2521 1368 2600; x_wconf 89' lang='grc'><strong>6666616</strong></span> <span class='ocrx_word' id='word_1_169' title='bbox 1388 2516 1453 2580; x_wconf 88' lang='grc'><strong>6611</strong></span> <span class='ocrx_word' id='word_1_170' title='bbox 1472 2539 1499 2580; x_wconf 83' lang='lat' dir='ltr'>ao</span> 
     </span>
     <span class='ocr_line' id='line_1_22' title="bbox 308 2622 1453 2705; baseline -0.002 -17"><span class='ocrx_word' id='word_1_171' title='bbox 308 2627 392 2700; x_wconf 81' lang='lat' dir='ltr'>sunt,</span> <span class='ocrx_word' id='word_1_172' title='bbox 430 2642 491 2686; x_wconf 92' lang='lat' dir='ltr'><strong>non</strong></span> <span class='ocrx_word' id='word_1_173' title='bbox 524 2627 635 2688; x_wconf 87' lang='lat' dir='ltr'>natura</span> <span class='ocrx_word' id='word_1_174' title='bbox 668 2625 794 2688; x_wconf 85' lang='lat' dir='ltr'>condita</span> <span class='ocrx_word' id='word_1_175' title='bbox 827 2644 888 2705; x_wconf 93' lang='lat' dir='ltr'>qua</span> <span class='ocrx_word' id='word_1_176' title='bbox 920 2623 1064 2687; x_wconf 91' lang='lat' dir='ltr'>homines</span> <span class='ocrx_word' id='word_1_177' title='bbox 1099 2625 1182 2687; x_wconf 88' lang='lat' dir='ltr'>sunt.</span> <span class='ocrx_word' id='word_1_178' title='bbox 1215 2622 1313 2688; x_wconf 91' lang='lat' dir='ltr'>libido</span> <span class='ocrx_word' id='word_1_179' title='bbox 1347 2627 1453 2687; x_wconf 87' lang='lat' dir='ltr'>autem</span> 
     </span>
     <span class='ocr_line' id='line_1_23' title="bbox 307 2729 1452 2812; baseline 0 -20"><span class='ocrx_word' id='word_1_180' title='bbox 307 2729 454 2812; x_wconf 88' lang='lat' dir='ltr'>pudenda</span> <span class='ocrx_word' id='word_1_181' title='bbox 481 2748 540 2793; x_wconf 94' lang='lat' dir='ltr'><strong>non</strong></span> <span class='ocrx_word' id='word_1_182' title='bbox 569 2733 699 2794; x_wconf 84' lang='lat' dir='ltr'>moueat</span> <span class='ocrx_word' id='word_1_183' title='bbox 725 2731 877 2809; x_wconf 80' lang='lat' dir='ltr'>membra,</span> <span class='ocrx_word' id='word_1_184' title='bbox 906 2730 968 2793; x_wconf 87' lang='lat' dir='ltr'>nisi</span> <span class='ocrx_word' id='word_1_185' title='bbox 997 2729 1120 2811; x_wconf 94' lang='lat' dir='ltr'>quando</span> <span class='ocrx_word' id='word_1_186' title='bbox 1149 2731 1312 2804; x_wconf 82' lang='lat' dir='ltr'>uolumus,</span> <span class='ocrx_word' id='word_1_187' title='bbox 1338 2733 1370 2794; x_wconf 89' lang='grc'><strong>61</strong></span> <span class='ocrx_word' id='word_1_188' title='bbox 1393 2748 1452 2793; x_wconf 88' lang='grc'><strong>666</strong></span> 
     </span>
     <span class='ocr_line' id='line_1_24' title="bbox 308 2836 1453 2916; baseline -0.001 -16"><span class='ocrx_word' id='word_1_189' title='bbox 308 2841 357 2900; x_wconf 88' lang='grc'><strong>661</strong></span> <span class='ocrx_word' id='word_1_190' title='bbox 384 2836 529 2916; x_wconf 87' lang='lat' dir='ltr'>morbus;</span> <span class='ocrx_word' id='word_1_191' title='bbox 554 2857 616 2902; x_wconf 91' lang='lat' dir='ltr'><strong>non</strong></span> <span class='ocrx_word' id='word_1_192' title='bbox 645 2837 682 2900; x_wconf 95' lang='lat' dir='ltr'><strong>de</strong></span> <span class='ocrx_word' id='word_1_193' title='bbox 711 2838 766 2901; x_wconf 91' lang='grc'><strong>1116</strong></span> <span class='ocrx_word' id='word_1_194' title='bbox 795 2839 960 2902; x_wconf 87' lang='grc'><strong>666166661</strong></span> <span class='ocrx_word' id='word_1_195' title='bbox 988 2837 1084 2901; x_wconf 85' lang='lat' dir='ltr'>etiarn</span> <span class='ocrx_word' id='word_1_196' title='bbox 1111 2837 1220 2900; x_wconf 87' lang='lat' dir='ltr'>licitus</span> <span class='ocrx_word' id='word_1_197' title='bbox 1245 2837 1453 2901; x_wconf 83' lang='grc'><strong>6116666166</strong></span> 
     </span>
     <span class='ocr_line' id='line_1_25' title="bbox 308 2942 1453 3026; baseline 0.001 -21"><span class='ocrx_word' id='word_1_198' title='bbox 308 2943 549 3026; x_wconf 80' lang='lat' dir='ltr'>coniugatorum</span> <span class='ocrx_word' id='word_1_199' title='bbox 582 2942 769 3007; x_wconf 87' lang='grc'><strong>6666611166</strong></span> <span class='ocrx_word' id='word_1_200' title='bbox 805 2944 935 3008; x_wconf 87' lang='lat' dir='ltr'>uitaudo</span> <span class='ocrx_word' id='word_1_201' title='bbox 970 2946 1177 3026; x_wconf 81' lang='lat' dir='ltr'>conspectum</span> <span class='ocrx_word' id='word_1_202' title='bbox 1211 2946 1242 3006; x_wconf 92' lang='grc'><strong>61</strong></span> <span class='ocrx_word' id='word_1_203' title='bbox 1279 2943 1453 3025; x_wconf 89' lang='lat' dir='ltr'>adpetendo</span> 
     </span>
     <span class='ocr_line' id='line_1_26' title="bbox 309 3049 1500 3132; baseline -0.002 -20"><span class='ocrx_word' id='word_1_204' title='bbox 309 3053 476 3126; x_wconf 77' lang='lat' dir='ltr'>secretum,</span> <span class='ocrx_word' id='word_1_205' title='bbox 502 3053 616 3112; x_wconf 89' lang='grc'><strong>61666</strong></span> <span class='ocrx_word' id='word_1_206' title='bbox 642 3052 691 3113; x_wconf 88' lang='grc'><strong>661</strong></span> <span class='ocrx_word' id='word_1_207' title='bbox 713 3050 857 3125; x_wconf 82' lang='lat' dir='ltr'>morbus3</span> <span class='ocrx_word' id='word_1_208' title='bbox 883 3071 944 3114; x_wconf 92' lang='lat' dir='ltr'><strong>non</strong></span> <span class='ocrx_word' id='word_1_209' title='bbox 962 3050 1128 3132; x_wconf 86' lang='lat' dir='ltr'>prohibeat</span> <span class='ocrx_word' id='word_1_210' title='bbox 1152 3049 1315 3132; x_wconf 87' lang='lat' dir='ltr'>apostolus</span> <span class='ocrx_word' id='word_1_211' title='bbox 1339 3049 1371 3113; x_wconf 92' lang='lat' dir='ltr'>in</span> <span class='ocrx_word' id='word_1_212' title='bbox 1394 3049 1453 3114; x_wconf 89' lang='lat' dir='ltr'><strong>hoo</strong></span> <span class='ocrx_word' id='word_1_213' title='bbox 1474 3069 1500 3110; x_wconf 80' lang='lat' dir='ltr'><strong>ss</strong></span> 
     </span>
     <span class='ocr_line' id='line_1_27' title="bbox 307 3155 1453 3239; baseline 0.002 -21"><span class='ocrx_word' id='word_1_214' title='bbox 307 3155 416 3219; x_wconf 90' lang='lat' dir='ltr'>morbo</span> <span class='ocrx_word' id='word_1_215' title='bbox 440 3155 596 3236; x_wconf 88' lang='lat' dir='ltr'>possideri</span> <span class='ocrx_word' id='word_1_216' title='bbox 614 3174 736 3232; x_wconf 78' lang='lat' dir='ltr'>uxores,</span> <span class='ocrx_word' id='word_1_217' title='bbox 757 3159 867 3220; x_wconf 91' lang='grc'><strong>61666</strong></span> <span class='ocrx_word' id='word_1_218' title='bbox 888 3160 937 3219; x_wconf 91' lang='lat' dir='ltr'>est</span> <span class='ocrx_word' id='word_1_219' title='bbox 955 3157 1094 3220; x_wconf 89' lang='lat' dir='ltr'>morbus.</span> <span class='ocrx_word' id='word_1_220' title='bbox 1116 3156 1200 3238; x_wconf 89' lang='lat' dir='ltr'>quod</span> <span class='ocrx_word' id='word_1_221' title='bbox 1220 3157 1303 3220; x_wconf 92' lang='lat' dir='ltr'>enim</span> <span class='ocrx_word' id='word_1_222' title='bbox 1323 3175 1453 3239; x_wconf 87' lang='lat' dir='ltr'>graeeus</span> 
     </span>
     <span class='ocr_line' id='line_1_28' title="bbox 307 3258 1453 3346; baseline 0.002 -22"><span class='ocrx_word' id='word_1_223' title='bbox 307 3261 416 3325; x_wconf 86' lang='lat' dir='ltr'>habet:</span> <span class='ocrx_word' id='word_1_224' title='bbox 456 3258 486 3322; x_wconf 77' lang='grc' dir='ltr'><strong>ἐν</strong></span> <span class='ocrx_word' id='word_1_225' title='bbox 523 3264 614 3324; x_wconf 75' lang='grc' dir='ltr'>πάθει</span> <span class='ocrx_word' id='word_1_226' title='bbox 650 3259 820 3346; x_wconf 75' lang='grc' dir='ltr'><strong>ἐπιθυμίας,</strong></span> <span class='ocrx_word' id='word_1_227' title='bbox 849 3263 903 3327; x_wconf 90' lang='grc'><strong>6111</strong></span> <span class='ocrx_word' id='word_1_228' title='bbox 938 3263 1036 3328; x_wconf 86' lang='grc'><strong>161166</strong></span> <span class='ocrx_word' id='word_1_229' title='bbox 1068 3263 1265 3346; x_wconf 84' lang='lat' dir='ltr'>interpretati</span> <span class='ocrx_word' id='word_1_230' title='bbox 1298 3266 1384 3327; x_wconf 89' lang='lat' dir='ltr'>sunt:</span> <span class='ocrx_word' id='word_1_231' title='bbox 1417 3262 1453 3326; x_wconf 92' lang='grc'><strong>16</strong></span> 
     </span>
    </p>
   </div>
   <div class='ocr_carea' id='block_1_3' title="bbox 397 3451 657 3516">
    <p class='ocr_par' dir='ltr' id='par_1_3' title="bbox 397 3451 657 3516">
     <span class='ocr_line' id='line_1_29' title="bbox 397 3451 657 3516; baseline 0.008 -12"><span class='ocrx_word' id='word_1_232' title='bbox 397 3452 430 3505; x_wconf 97' lang='grc'><strong>21</strong></span> <span class='ocrx_word' id='word_1_233' title='bbox 450 3451 464 3504; x_wconf 91' lang='lat' dir='ltr'>I</span> <span class='ocrx_word' id='word_1_234' title='bbox 483 3451 577 3505; x_wconf 80' lang='lat' dir='ltr'>Thess.</span> <span class='ocrx_word' id='word_1_235' title='bbox 596 3453 621 3516; x_wconf 87' lang='grc'><strong>4,</strong></span> <span class='ocrx_word' id='word_1_236' title='bbox 642 3455 657 3506; x_wconf 83' lang='grc'><strong>5</strong></span> 
     </span>
    </p>
   </div>
   <div class='ocr_carea' id='block_1_4' title="bbox 309 3569 1458 4177">
    <p class='ocr_par' dir='ltr' id='par_1_4' title="bbox 309 3569 1458 4177">
     <span class='ocr_line' id='line_1_30' title="bbox 334 3569 1458 3650; baseline 0.001 -23"><span class='ocrx_word' id='word_1_237' title='bbox 334 3574 636 3650; x_wconf 28' lang='grc'><strong>,2166166116611660</strong></span> <span class='ocrx_word' id='word_1_238' title='bbox 714 3577 732 3628; x_wconf 89' lang='grc'>4</span> <span class='ocrx_word' id='word_1_239' title='bbox 752 3576 859 3629; x_wconf 91' lang='lat' dir='ltr'>omnino</span> <span class='ocrx_word' id='word_1_240' title='bbox 879 3575 901 3629; x_wconf 81' lang='lat' dir='ltr'><em>S</em></span> <span class='ocrx_word' id='word_1_241' title='bbox 981 3577 997 3629; x_wconf 90' lang='lat'>8</span> <span class='ocrx_word' id='word_1_242' title='bbox 1017 3569 1180 3630; x_wconf 79' lang='lat' dir='ltr'>aduersisS</span> <span class='ocrx_word' id='word_1_243' title='bbox 1259 3577 1275 3630; x_wconf 84' lang='lat'>9</span> <span class='ocrx_word' id='word_1_244' title='bbox 1294 3576 1407 3629; x_wconf 87' lang='lat' dir='ltr'>instiotu</span> <span class='ocrx_word' id='word_1_245' title='bbox 1425 3575 1458 3628; x_wconf 91' lang='lat' dir='ltr'><strong><em>K</em></strong></span> 
     </span>
     <span class='ocr_line' id='line_1_31' title="bbox 311 3662 1454 3732; baseline -0.001 -16"><span class='ocrx_word' id='word_1_246' title='bbox 311 3663 343 3716; x_wconf 91' lang='grc'><strong>12</strong></span> <span class='ocrx_word' id='word_1_247' title='bbox 363 3663 449 3730; x_wconf 86' lang='grc'><strong>66661]</strong></span> <span class='ocrx_word' id='word_1_248' title='bbox 469 3663 523 3715; x_wconf 86' lang='grc'><strong>6161</strong></span> <span class='ocrx_word' id='word_1_249' title='bbox 540 3679 561 3716; x_wconf 82' lang='lat' dir='ltr'>a.</span> <span class='ocrx_word' id='word_1_250' title='bbox 582 3663 601 3718; x_wconf 89' lang='grc'><strong>1.</strong></span> <span class='ocrx_word' id='word_1_251' title='bbox 620 3662 644 3716; x_wconf 76' lang='lat' dir='ltr'><em>S</em></span> <span class='ocrx_word' id='word_1_252' title='bbox 715 3679 779 3732; x_wconf 84' lang='lat' dir='ltr'>ergo</span> <span class='ocrx_word' id='word_1_253' title='bbox 798 3679 819 3716; x_wconf 86' lang='lat' dir='ltr'>a.</span> <span class='ocrx_word' id='word_1_254' title='bbox 840 3665 858 3719; x_wconf 89' lang='grc'><strong>1,</strong></span> <span class='ocrx_word' id='word_1_255' title='bbox 877 3663 915 3715; x_wconf 91' lang='lat' dir='ltr'><em>M</em></span> <span class='ocrx_word' id='word_1_256' title='bbox 931 3663 1016 3732; x_wconf 86' lang='lat' dir='ltr'>igitur</span> <span class='ocrx_word' id='word_1_257' title='bbox 1033 3663 1061 3717; x_wconf 91' lang='lat' dir='ltr'><em>B</em></span> <span class='ocrx_word' id='word_1_258' title='bbox 1117 3665 1149 3719; x_wconf 86' lang='lat'><strong>13</strong></span> <span class='ocrx_word' id='word_1_259' title='bbox 1168 3666 1200 3729; x_wconf 83' lang='grc'><strong>61</strong></span> <span class='ocrx_word' id='word_1_260' title='bbox 1219 3663 1304 3716; x_wconf 86' lang='grc'><strong>16666</strong></span> <span class='ocrx_word' id='word_1_261' title='bbox 1328 3663 1353 3716; x_wconf 86' lang='grc' dir='ltr'><em>Τ</em></span> <span class='ocrx_word' id='word_1_262' title='bbox 1369 3663 1454 3716; x_wconf 84' lang='grc'><strong>16666</strong></span> 
     </span>
     <span class='ocr_line' id='line_1_32' title="bbox 309 3751 1456 3822; baseline -0.001 -18"><span class='ocrx_word' id='word_1_263' title='bbox 309 3767 344 3806; x_wconf 82' lang='lat' dir='ltr'><strong>aa.</strong></span> <span class='ocrx_word' id='word_1_264' title='bbox 364 3757 379 3804; x_wconf 92' lang='lat'><strong><em>1</em></strong></span> <span class='ocrx_word' id='word_1_265' title='bbox 396 3751 430 3804; x_wconf 89' lang='lat' dir='ltr'><strong><em>K</em></strong></span> <span class='ocrx_word' id='word_1_266' title='bbox 483 3752 516 3804; x_wconf 87' lang='grc'><strong>14</strong></span> <span class='ocrx_word' id='word_1_267' title='bbox 535 3767 602 3820; x_wconf 84' lang='grc'><strong>6666</strong></span> <span class='ocrx_word' id='word_1_268' title='bbox 622 3753 664 3804; x_wconf 87' lang='grc'><strong>661</strong></span> <span class='ocrx_word' id='word_1_269' title='bbox 682 3771 701 3822; x_wconf 86' lang='grc' dir='ltr'>μ</span> <span class='ocrx_word' id='word_1_270' title='bbox 770 3751 801 3804; x_wconf 89' lang='grc'><strong>15</strong></span> <span class='ocrx_word' id='word_1_271' title='bbox 822 3751 930 3805; x_wconf 85' lang='lat' dir='ltr'>exordia</span> <span class='ocrx_word' id='word_1_272' title='bbox 949 3751 1009 3805; x_wconf 80' lang='lat' dir='ltr'><strong>SW</strong></span> <span class='ocrx_word' id='word_1_273' title='bbox 1081 3753 1172 3820; x_wconf 83' lang='lat' dir='ltr'>inquit</span> <span class='ocrx_word' id='word_1_274' title='bbox 1189 3753 1282 3821; x_wconf 86' lang='lat' dir='ltr'>itaque</span> <span class='ocrx_word' id='word_1_275' title='bbox 1301 3751 1456 3805; x_wconf 87' lang='lat' dir='ltr'>BMWAm</span> 
     </span>
     <span class='ocr_line' id='line_1_33' title="bbox 309 3839 1458 3911; baseline 0 -17"><span class='ocrx_word' id='word_1_276' title='bbox 309 3843 403 3910; x_wconf 88' lang='lat' dir='ltr'>itaque</span> <span class='ocrx_word' id='word_1_277' title='bbox 422 3857 511 3911; x_wconf 76' lang='grc'><strong>6666</strong></span> <span class='ocrx_word' id='word_1_278' title='bbox 602 3841 636 3893; x_wconf 89' lang='grc'><strong>16</strong></span> <span class='ocrx_word' id='word_1_279' title='bbox 655 3840 725 3909; x_wconf 85' lang='grc'><strong>6661</strong></span> <span class='ocrx_word' id='word_1_280' title='bbox 744 3839 815 3894; x_wconf 75' lang='lat' dir='ltr'><strong>tes</strong></span> <span class='ocrx_word' id='word_1_281' title='bbox 912 3841 986 3894; x_wconf 89' lang='lat' dir='ltr'>aliud</span> <span class='ocrx_word' id='word_1_282' title='bbox 1005 3843 1032 3894; x_wconf 92' lang='grc'><strong>16</strong></span> <span class='ocrx_word' id='word_1_283' title='bbox 1051 3841 1168 3894; x_wconf 85' lang='lat' dir='ltr'>BMAm</span> <span class='ocrx_word' id='word_1_284' title='bbox 1272 3839 1458 3894; x_wconf 71' lang='grc'><strong>6116116668</strong></span> 
     </span>
     <span class='ocr_line' id='line_1_34' title="bbox 309 3927 1454 3998; baseline -0.001 -16"><span class='ocrx_word' id='word_1_285' title='bbox 309 3946 393 3998; x_wconf 86' lang='lat' dir='ltr'>neges</span> <span class='ocrx_word' id='word_1_286' title='bbox 413 3929 491 3982; x_wconf 90' lang='lat' dir='ltr'>deum</span> <span class='ocrx_word' id='word_1_287' title='bbox 510 3929 538 3982; x_wconf 90' lang='lat' dir='ltr'><em>B</em></span> <span class='ocrx_word' id='word_1_288' title='bbox 602 3927 634 3982; x_wconf 92' lang='grc'><strong>11</strong></span> <span class='ocrx_word' id='word_1_289' title='bbox 655 3929 772 3982; x_wconf 80' lang='lat' dir='ltr'>omniurn</span> <span class='ocrx_word' id='word_1_290' title='bbox 792 3929 930 3982; x_wconf 89' lang='lat' dir='ltr'>hominum</span> <span class='ocrx_word' id='word_1_291' title='bbox 954 3930 979 3982; x_wconf 87' lang='grc' dir='ltr'><em>Τ</em></span> <span class='ocrx_word' id='word_1_292' title='bbox 1046 3931 1078 3983; x_wconf 87' lang='grc'><strong>18</strong></span> <span class='ocrx_word' id='word_1_293' title='bbox 1099 3933 1339 3984; x_wconf 85' lang='grc'><strong>61-66666666166</strong></span> <span class='ocrx_word' id='word_1_294' title='bbox 1357 3930 1388 3982; x_wconf 84' lang='grc'><strong>16</strong></span> <span class='ocrx_word' id='word_1_295' title='bbox 1406 3945 1454 3996; x_wconf 71' lang='lat' dir='ltr'>osu.</span> 
     </span>
     <span class='ocr_line' id='line_1_35' title="bbox 309 4017 1457 4088; baseline -0.001 -16"><span class='ocrx_word' id='word_1_296' title='bbox 309 4017 342 4072; x_wconf 92' lang='lat' dir='ltr'><strong><em>K</em></strong></span> <span class='ocrx_word' id='word_1_297' title='bbox 358 4017 454 4073; x_wconf 75' lang='grc'><strong>6660</strong></span> <span class='ocrx_word' id='word_1_298' title='bbox 529 4017 687 4087; x_wconf 88' lang='lat' dir='ltr'>periantK</span> <span class='ocrx_word' id='word_1_299' title='bbox 756 4019 788 4071; x_wconf 84' lang='lat'><strong>21</strong></span> <span class='ocrx_word' id='word_1_300' title='bbox 809 4017 913 4082; x_wconf 86' lang='lat' dir='ltr'>lidbido</span> <span class='ocrx_word' id='word_1_301' title='bbox 932 4018 966 4071; x_wconf 93' lang='lat' dir='ltr'><strong><em>K</em></strong></span> <span class='ocrx_word' id='word_1_302' title='bbox 1036 4019 1070 4073; x_wconf 87' lang='grc'><strong>26</strong></span> <span class='ocrx_word' id='word_1_303' title='bbox 1090 4019 1272 4088; x_wconf 65' lang='lat' dir='ltr'>possiderent</span> <span class='ocrx_word' id='word_1_304' title='bbox 1346 4018 1411 4088; x_wconf 88' lang='lat' dir='ltr'>quid</span> <span class='ocrx_word' id='word_1_305' title='bbox 1430 4019 1457 4070; x_wconf 92' lang='lat' dir='ltr'><em>B</em></span> 
     </span>
     <span class='ocr_line' id='line_1_36' title="bbox 310 4107 1457 4177; baseline -0.001 -16"><span class='ocrx_word' id='word_1_306' title='bbox 310 4109 343 4161; x_wconf 94' lang='grc'><strong>21</strong></span> <span class='ocrx_word' id='word_1_307' title='bbox 369 4107 479 4177; x_wconf 87' lang='lat' dir='ltr'>enpathi</span> <span class='ocrx_word' id='word_1_308' title='bbox 504 4107 659 4176; x_wconf 84' lang='lat' dir='ltr'>epithimias</span> <span class='ocrx_word' id='word_1_309' title='bbox 681 4107 887 4177; x_wconf 78' lang='lat' dir='ltr'><strong>OFBMSAmp</strong></span> <span class='ocrx_word' id='word_1_310' title='bbox 911 4124 943 4160; x_wconf 93' lang='lat' dir='ltr'><strong>en</strong></span> <span class='ocrx_word' id='word_1_311' title='bbox 966 4107 1045 4176; x_wconf 87' lang='lat' dir='ltr'>pathi</span> <span class='ocrx_word' id='word_1_312' title='bbox 1065 4109 1207 4177; x_wconf 86' lang='lat' dir='ltr'>epitymias</span> <span class='ocrx_word' id='word_1_313' title='bbox 1231 4108 1257 4161; x_wconf 85' lang='grc' dir='ltr'><em>Τ</em></span> <span class='ocrx_word' id='word_1_314' title='bbox 1276 4107 1328 4162; x_wconf 86' lang='grc' dir='ltr'><strong>ΕΝ</strong></span> <span class='ocrx_word' id='word_1_315' title='bbox 1346 4107 1457 4160; x_wconf 85' lang='lat' dir='ltr'>PATHI</span> 
     </span>
    </p>
   </div>
   <div class='ocr_carea' id='block_1_5' title="bbox 309 4195 1461 4266">
    <p class='ocr_par' dir='ltr' id='par_1_5' title="bbox 309 4195 1461 4266">
     <span class='ocr_line' id='line_1_37' title="bbox 309 4195 1461 4266; baseline 0 -17"><span class='ocrx_word' id='word_1_316' title='bbox 309 4195 578 4250; x_wconf 82' lang='lat' dir='ltr'>EPYTHIMIASK</span> <span class='ocrx_word' id='word_1_317' title='bbox 590 4197 661 4250; x_wconf 84' lang='lat' dir='ltr'><strong>ENP</strong></span> <span class='ocrx_word' id='word_1_318' title='bbox 682 4197 744 4250; x_wconf 87' lang='grc' dir='ltr'><strong>ΤΗΙ</strong></span> <span class='ocrx_word' id='word_1_319' title='bbox 762 4196 834 4250; x_wconf 88' lang='lat' dir='ltr'><strong>EPV</strong></span> <span class='ocrx_word' id='word_1_320' title='bbox 854 4197 1005 4250; x_wconf 83' lang='lat' dir='ltr'>THIMIAS</span> <span class='ocrx_word' id='word_1_321' title='bbox 1022 4195 1073 4250; x_wconf 89' lang='lat' dir='ltr'><strong>VP</strong></span> <span class='ocrx_word' id='word_1_322' title='bbox 1086 4198 1113 4250; x_wconf 92' lang='lat' dir='ltr'>in</span> <span class='ocrx_word' id='word_1_323' title='bbox 1128 4197 1206 4266; x_wconf 82' lang='lat' dir='ltr'>patiri</span> <span class='ocrx_word' id='word_1_324' title='bbox 1222 4197 1377 4266; x_wconf 85' lang='lat' dir='ltr'>epithimias</span> <span class='ocrx_word' id='word_1_325' title='bbox 1391 4195 1461 4250; x_wconf 83' lang='lat' dir='ltr'><strong>EW</strong></span> 
     </span>
    </p>
   </div>
   <div class='ocr_carea' id='block_1_6' title="bbox 0 0 1717 4952">
    <p class='ocr_par' dir='ltr' id='par_1_6' title="bbox 0 0 1717 4952">
     <span class='ocr_line' id='line_1_38' title="bbox 0 0 1717 4952; baseline 0 0"><span class='ocrx_word' id='word_1_326' title='bbox 0 0 1717 4952; x_wconf 95' lang='lat' dir='ltr'><strong> </strong></span> 
     </span>
    </p>
   </div>
  </div>
 </body>
</html>
