3382 4924
317 318 379 378 146
671 308 861 362 &Aureli
889 308 1104 376 Augustini

312 511 407 588 atque
431 505 544 587 operis,
569 504 624 568 sed
650 503 744 566 etiarn
768 505 895 584 propter
913 501 1109 566 uoluntatem
1131 505 1224 584 atque
1244 503 1457 583 operationem

312 614 426 677 bonam
451 631 523 694 erga
546 630 603 674 nos
628 609 729 693 gratia
753 608 804 672 dei
827 607 1036 690 praedicanda
1059 612 1121 685 θεῖ;
1146 627 1218 671 nam
1246 608 1335 672 illam
1358 611 1458 691 possi·

311 717 469 782 bilitatem
492 717 530 780 ad
553 721 723 797 utrumque
748 714 854 778 ualere
875 715 990 779 definit.
1015 718 1168 778 ettamen
1188 733 1250 778 non
1269 715 1339 779 ideo
1359 715 1457 779 tribu-

312 825 391 889 enda
414 827 489 889 sunt
513 823 569 886 deo
595 823 690 886 etiam
714 825 821 886 nostra
844 824 983 903 peooata,
1017 821 1100 885 siout
1124 823 1155 885 et
1178 823 1305 904 propter
1328 823 1457 886 eandem

310 931 557 1014 possibilitatem
575 928 647 992 uult
665 929 803 992 tribuere
822 929 904 991 bona
923 947 1017 1009 opera
1035 931 1152 1001 nostra,
1168 947 1228 991 non
1243 928 1313 992 ideo
1333 932 1456 993 tantum
1489 948 1501 986 s

311 1038 503 1102 adiutorium
532 1036 656 1100 diuinae
686 1035 804 1117 gratiae
833 1035 1079 1110 commendetur,
1114 1034 1186 1116 quia
1213 1034 1458 1116 possibilitatem

310 1145 441 1209 adiuuat
458 1144 644 1206 naturalem.
665 1141 789 1206 desinat
807 1141 924 1204 dicere:
940 1141 1033 1222 ‘quod
1048 1161 1219 1223 possumus
1235 1142 1457 1206 omnebonum

310 1253 423 1327 faeere,
454 1250 566 1326 dicere,
596 1250 745 1332 cogitare,
773 1249 861 1311 illius
883 1251 933 1312 est
955 1248 1009 1330 qui
1033 1249 1093 1312 hoo
1117 1267 1210 1330 posse
1235 1247 1374 1325 donauit,
1404 1250 1457 1330 qui

310 1357 370 1420 hoo
394 1375 487 1437 posse
512 1355 655 1428 adiuuat3
688 1353 773 1436 quod
795 1373 869 1417 uero
894 1355 971 1418 bene
996 1355 1049 1417 uel
1073 1355 1196 1437 agimus
1220 1355 1274 1417 uel
1297 1355 1457 1435 loquimur

310 1463 363 1525 uel
386 1462 574 1545 cogitamus,
599 1463 744 1524 nostrum
768 1461 837 1535 θεῖ’,
858 1459 990 1536 desinat,
1013 1460 1152 1540 inquam,
1172 1459 1235 1524 ista
1258 1460 1371 1524 dicere.
1394 1480 1454 1524 non
1476 1483 1501 1522 ro

310 1570 411 1631 solum
443 1567 525 1630 enim
555 1567 632 1630 dous
661 1585 754 1647 posse
783 1569 925 1630 nostrum
954 1566 1084 1630 donauit
1107 1571 1200 1648 atque
1225 1567 1365 1641 adiuuat,
1399 1568 1455 1632 sed

309 1676 406 1737 etiam
430 1674 530 1736 uelle
555 1677 591 1736 et
620 1674 766 1754 operari
796 1676 973 1752 operatur
1000 1673 1035 1735 in
1063 1674 1182 1748 nobis,
1215 1693 1276 1737 non
1301 1675 1375 1754 quia
1399 1693 1454 1738 nos

309 1801 370 1845 non
394 1781 543 1844 uolumus
568 1781 623 1842 aut
645 1798 701 1842 nos
725 1798 786 1843 non
811 1779 945 1861 agimus,
975 1779 1030 1842 sed
1056 1779 1129 1860 quia
1152 1780 1219 1844 sine
1243 1779 1344 1862 ipsius
1369 1780 1455 1844 adiu-

309 1887 390 1952 torio
418 1905 474 1950 neo
503 1887 653 1949 uolumus
683 1885 802 1967 aliquid
829 1886 903 1949 boni
933 1905 989 1949 neo
1017 1887 1152 1968 agimus.
1186 1887 1343 1968 quomodo
1372 1887 1453 1950 enim

309 1994 437 2057 dieitur:
468 1992 562 2073 ‘quod
594 2011 766 2074 possumus
798 1993 877 2054 bene
911 2011 1013 2075 agere,
1052 1993 1102 2055 dei
1135 1996 1193 2069 θεῖ,
1231 1993 1315 2073 quod
1347 1997 1454 2057 autem
1474 2013 1500 2053 ιθ

308 2100 444 2183 agimus,
477 2101 620 2162 nostrum
644 2100 713 2174 θεῖ),
739 2117 810 2162 oum
836 2099 920 2162 dieat
944 2099 1106 2180 apostolus
1131 2119 1217 2163 orare
1241 2118 1274 2164 εθ
1298 2099 1337 2162 ad
1361 2100 1453 2164 deum

308 2226 364 2287 pro
390 2207 445 2282 eis,
479 2206 518 2268 ad
543 2224 622 2285 quos
651 2205 817 2279 scribebat,
851 2225 889 2268 ne
919 2205 994 2285 quid
1018 2205 1093 2268 mali
1116 2205 1232 2269 faciant
1256 2210 1287 2268 θῖ
1309 2211 1346 2270 ut
1370 2209 1453 2289 qnod

308 2314 427 2378 bonurn
452 2315 501 2374 est
523 2311 662 2374 faciant?
691 2331 750 2374 non
776 2311 856 2374 enim
882 2311 939 2376 ait:
972 2330 1128 2391 oramus,
1162 2315 1199 2376 ut
1222 2313 1353 2393 possitis
1376 2313 1453 2376 nihil

307 2421 411 2482 faeere
438 2418 524 2494 mali,
558 2419 613 2481 sed
645 2437 687 2482 ne
716 2417 803 2498 quid
835 2418 988 2483 faciatis
1017 2418 1119 2496 mali,
1154 2437 1226 2482 neo:
1259 2422 1295 2482 ut
1321 2420 1452 2500 possitis

309 2526 427 2589 bonurn
451 2525 562 2602 faeere,
587 2525 656 2589 sed:
681 2528 723 2588 ut
751 2526 886 2589 bonum
914 2525 1078 2602 faciatis
1103 2526 1251 2606 quoniam
1275 2525 1313 2590 de
1337 2527 1452 2607 quibus
1473 2545 1498 2583 2⁰

308 2632 462 2713 seriptum
497 2635 557 2694 est:
596 2634 782 2712 quotquot
814 2632 908 2694 enirn
942 2632 1080 2713 spiritu
1114 2631 1172 2696 dei
1205 2635 1377 2714 aguntur,
1415 2634 1452 2696 hi

308 2739 386 2802 filii
420 2742 506 2800 sunt
540 2737 608 2814 dei,
642 2738 783 2818 profecto
812 2741 849 2801 ut
873 2741 968 2822 agant
992 2739 1076 2819 quod
1099 2739 1215 2803 bonum
1241 2743 1299 2814 est,
1333 2739 1450 2803 abillo

307 2847 444 2927 aguntur
472 2845 526 2924 qui
553 2845 654 2906 bonus
684 2847 741 2907 eut.
777 2844 932 2924 quomodo
962 2844 1039 2908 dioit
1062 2845 1225 2928 Pelagius:
1250 2845 1345 2927 ‘quod
1373 2847 1451 2910 bene

307 2951 396 3030 loqui
419 2969 601 3033 possumus,
635 2950 685 3012 dei
710 2954 767 3022 θεῖ,
803 2950 886 3032 quod
910 2951 988 3014 bene
1016 2951 1185 3034 loquimur,
1210 2955 1353 3016 nostrum
1382 2955 1449 3030 θεῖ’,

307 3077 381 3120 oum
397 3057 480 3121 dieat
495 3057 656 3120 dominus:
673 3056 832 3136 spiritus
847 3057 967 3138 patris
984 3058 1103 3121 uestri
1123 3062 1180 3122 θεῖ
1199 3058 1262 3140 qui
1280 3059 1451 3139 loquitur
1469 3073 1495 3112 2⁵

306 3164 343 3227 in
368 3163 497 3227 uobis?
526 3163 732 3242 nequeenim
757 3162 814 3226 ait:
844 3182 986 3226 nonnos
1011 3163 1099 3238 ostis,
1124 3164 1178 3244 qui
1202 3163 1334 3228 dedistis
1358 3164 1449 3228 uobis

306 3289 401 3351 posse
425 3270 503 3332 bene
527 3269 624 3349 loqui,
659 3269 715 3332 sed
740 3269 797 3332 ait:
830 3287 898 3331 non
927 3288 994 3332 uos
1025 3270 1119 3333 estis
1149 3269 1212 3350 qui
1240 3270 1449 3351 loquimini,

307 3395 364 3439 neo
383 3376 441 3438 ait:
466 3375 625 3456 spiritus
650 3375 767 3457 patris
792 3375 914 3438 uestri
938 3379 1004 3455 est,
1031 3377 1084 3456 qui
1108 3377 1199 3440 uobis
1220 3375 1274 3438 dat
1292 3376 1344 3439 uel
1363 3376 1450 3440 dedit

308 3502 401 3564 posse
433 3483 511 3545 bene
543 3482 641 3562 loqui,
676 3482 731 3546 sed
764 3482 821 3545 ait:
861 3483 923 3564 qui
956 3483 1128 3564 loquitur
1159 3483 1195 3546 in
1228 3482 1349 3561 uobis,
1387 3502 1448 3547 non

399 3725 430 3776 12
450 3725 520 3776 Phil.
540 3725 564 3785 Q,
586 3726 618 3777 13
675 3723 1003 3792 18-9011001·.13‚7
1058 3725 1287 3788 21R0m.8,14
1340 3724 1447 3790 25-29

307 3814 405 3867 mauu.
427 3813 467 3880 10,
487 3814 521 3866 ‘20

345 3940 356 3989 1
373 3938 426 4005 fin.
447 3939 538 4006 atque]
561 3943 587 3990 et
607 3939 643 3991 od
701 3937 771 3991 ade
801 3938 890 4006 gratia
912 3937 1033 3991 donar
1090 3938 1312 3992 5bonaouaO
1363 3938 1380 3991 8
1394 3938 1447 4006 fin.

306 4026 608 4094 qui—adiuratumb
676 4029 704 4080 11
728 4027 860 4080 donatV
933 4029 964 4080 13
986 4027 1254 4095 quiaom.m.1T
1325 4028 1358 4079 16
1378 4027 1447 4095 male

307 4113 457 4183 agimusC
543 4117 574 4168 19
593 4117 658 4168 ruali
678 4115 764 4169 facore
786 4116 821 4168 bd
912 4116 1101 4169 adurent
1193 4115 1448 4168 arundineo

304 4204 339 4256 27
360 4202 427 4254 bene
447 4219 525 4271 posse
547 4203 732 4256 CChTPVbd
785 4204 819 4257 28
840 4205 886 4272 qui
907 4203 982 4256 dedit
1000 4205 1078 4257 uobis
1098 4205 1141 4257 uel
1162 4204 1208 4257 dat
1230 4205 1252 4256 C
