3410 4952
421 379 646 450 denuptiis
675 383 712 434 et
740 379 1126 450 concupiscentiali
1154 379 1258 434 24-25
1346 383 1409 446 277

266 577 409 641 iustitiae
450 575 534 653 fidei,
577 575 617 640 ad
663 575 926 660 significationem
966 576 1164 659 purgationis
1212 575 1339 650 ualebat
1380 580 1412 641 et

266 684 409 767 paruulis
438 683 600 767 originalis
628 683 809 765 ueterisque
836 683 968 764 peceati,
998 683 1082 747 sicut
1110 686 1142 747 et
1168 683 1347 765 baptismus
1376 703 1411 747 ex

266 791 322 855 illo
354 790 460 855 ualere
494 790 599 872 coepit
628 789 668 854 ad
695 790 931 856 innodationem
959 791 1106 867 hominis,
1136 793 1171 853 e'x
1200 807 1260 870 quo
1290 794 1339 854 est
1365 789 1412 853 in-

268 897 412 975 stitutus,
446 903 506 961 non
540 897 623 978 quod
656 899 727 961 ante
761 897 1034 962 circumcisionem
1066 897 1191 962 institia
1223 895 1296 959 fidei
1323 897 1412 960 nulla

228 1023 245 1062 a
266 1005 333 1068 erat
356 1041 399 1050 -
422 1023 494 1068 nam
515 1023 587 1068 cum
606 1004 709 1068 adhuc
728 1006 815 1069 esset
837 1004 871 1068 in'
887 1004 1061 1085 praeputio,
1084 1023 1119 1067 ex
1138 1003 1198 1066 fide
1217 1002 1410 1067 iustificatos

267 1115 316 1175 est
342 1111 411 1193 ipse
434 1111 604 1189 Abraham,
632 1115 721 1194 pater
748 1111 901 1194 gentium,
931 1129 1010 1193 quae
1038 1110 1132 1174 fidem
1160 1109 1263 1192 ipsius
1287 1109 1412 1174 fueraut

266 1222 443 1282 sectaturae
470 1255 514 1265 ——
543 1219 599 1283 sed
628 1218 842 1301 superioribus
870 1217 1066 1300 temporibus
1092 1217 1176 1280 omni
1200 1215 1293 1280 modo
1316 1216 1412 1280 tatuit

267 1328 499 1389 sacramentnm
521 1323 758 1388 iustificationis
782 1343 817 1387 ex
841 1323 911 1388 fide.
937 1323 1046 1387 eadem
1069 1326 1174 1386 tamen
1198 1323 1276 1387 fides
1295 1322 1411 1387 media·

264 1431 348 1495 toris·
368 1432 475 1496 saluos
494 1433 597 1496 iustos
616 1431 754 1496 faciebat
773 1431 928 1513 antiquos,
949 1431 1084 1512 pusillos
1104 1449 1176 1494 cum
1195 1431 1330 1514 magnis,
1349 1451 1410 1495 non

222 1559 247 1600 ro
265 1541 359 1602 uetus
400 1539 628 1603 testamentum
671 1535 755 1620 quod
791 1537 822 1600 in
860 1537 1047 1601 seruitutem
1088 1541 1228 1620 generat,
1264 1556 1326 1602 non
1361 1537 1410 1600 lex

267 1663 346 1728 quae
375 1665 436 1710 non
469 1647 515 1710 sic
544 1648 594 1710 est
626 1645 708 1722 data,
743 1663 822 1726 quae
856 1644 1174 1727 posset'uiuifrcara
1204 1645 1258 1709 sed
1287 1645 1410 1728 gratia

267 1752 325 1815 dei
348 1771 412 1835 per
435 1753 558 1826 Iesum
583 1751 775 1817 Christum
799 1751 989 1815 dominnm
1013 1754 1193 1828 nostrum,
1224 1751 1298 1833 quia
1325 1751 1410 1816 sicnt

266 1859 423 1923 credimus
447 1879 504 1924 nos
529 1858 692 1924 Christum
714 1859 746 1922 in
776 1863 866 1922 carne
899 1858 1036 1934 uenisse,
1070 1858 1116 1923 sic
1148 1857 1196 1921 illi
1227 1860 1409 1935 uenturum,

265 1965 349 2029 sicut
371 1983 428 2029 nos
452 1967 624 2044 mortuum,
648 1965 694 2029 ita
716 1965 765 2028 illi
788 1964 987 2040 moriturum,
1012 1965 1095 2028 sicut
1115 1983 1170 2030 nos
1190 1965 1409 2043 resurrexisse,

222 2088 246 2130 re
264 2072 310 2136 ita
332 2071 380 2134 illi
403 2075 664 2148 resurrecturum,
689 2075 720 2135 et
743 2089 801 2134 nos
825 2088 899 2135 nero
925 2073 958 2134 et
980 2070 1028 2134 iili
1052 2070 1091 2134 ad
1114 2071 1268 2135 iudicium
1291 2075 1409 2136 mortu.

266 2175 356 2241 or'um
387 2178 599 2259 uiuommquo
633 2180 813 2242 uenturum.
846 2196 906 2241 non
940 2196 1013 2260 ergo
1042 2177 1102 2242 iste
1129 2179 1300 2242 humanam
1328 2178 1409 2242 male

267 2282 461 2347 defendendo
485 2283 626 2366 inpediat
649 2302 667 2346 a
686 2285 788 2348 salute
807 2287 962 2357 naturam,
983 2285 1057 2366 quia
1077 2295 1184 2348 ornnes
1200 2284 1259 2348 suh
1278 2290 1409 2367 peccato

263 2390 426 2454 nascimur
458 2393 491 2454 et
521 2410 576 2474 per
607 2411 707 2456 unum
740 2391 855 2467 solum,
889 2391 942 2474 qui
976 2390 1042 2454 sine
1070 2393 1199 2472 peccato
1227 2395 1321 2455 natus
1349 2394 1408 2467 est,

264 2495 445 2561 liberamur.

218 2624 247 2664 so
309 2603 379 2668 XII.
394 2605 447 2668 25.
466 2604 564 2681 ‘Ista’‚
579 2604 693 2686 inquit,
713 2607 890 2688 ‘corporum
910 2605 1091 2670 commixtio
1112 2623 1184 2669 cum
1204 2604 1316 2681 calore,
1336 2625 1409 2670 cnm

266 2711 441 2793 uoluptate,
467 2729 537 2774 cnm
564 2711 682 2776 semine
708 2731 725 2775 a
745 2711 802 2776 deo
822 2713 905 2776 facta
925 2715 956 2776 et
974 2732 1029 2795 pro
1050 2731 1107 2777 sno
1128 2711 1220 2777 modo
1240 2713 1409 2778 laudabilis

266 2816 468 2900 adprobatur,
506 2837 585 2900 qnae
623 2817 790 2901 aliquando
825 2819 920 2882 etiam
953 2819 1093 2902 amplum
1127 2818 1262 2883 efficitur·
1293 2838 1408 2885 munus

264 2922 410 3004 piorum.
435 2922 512 2985 dixit
535 2927 618 2987 ‘cum
642 2924 768 3000 calore,
792 2922 870 2987 dixit
893 2928 975 2987 ‘curn
1006 2924 1190 3006 uoluptate,
1221 2924 1298 2988 dixit
1326 2931 1408 2989 ‘cum

265 3027 406 3107 semine,
440 3047 501 3094 non
532 3031 638 3094 tamen
670 3029 772 3094 dicere
806 3048 902 3094 ausus
932 3034 980 3094 est
1009 3031 1090 3093 ‘cum
1119 3029 1269 3094 libidine'.
1303 3049 1408 3111 quare,

218 3155 245 3198 ns
265 3135 327 3200 nisi
360 3136 433 3218 quia
463 3136 625 3200 nominare
658 3136 827 3213 erubescit,
863 3155 957 3219 quam
984 3135 1112 3200 laudare
1140 3156 1201 3201 non
1230 3136 1408 3201 erubescit?

356 3397 388 3450 10
408 3396 441 3448 cf.
461 3394 520 3448 Gal.
540 3396 565 3456 4,
585 3395 621 3449 24
675 3395 709 3451 cf.
730 3395 791 3452 Gal.
809 3397 835 3460 3,
854 3397 886 3448 21
941 3399 968 3450 11
992 3398 1069 3450 Rom.
1090 3399 1167 3463 7‚25
1218 3399 1254 3453 20
1273 3397 1324 3468 Op.
1343 3400 1408 3470 imp.

264 3485 287 3538 V
307 3487 322 3539 6
344 3485 636 3552 (plata-adprobatur)
692 3484 726 3537 24
746 3484 778 3539 cf.
798 3485 834 3538 ib.
857 3485 875 3537 V
899 3487 913 3540 7

302 3661 315 3712 1
336 3660 381 3729 ad]
400 3661 442 3714 ita
459 3659 494 3714 ad
507 3659 555 3715 Fa
599 3661 615 3712 2
635 3661 663 3713 in
682 3661 802 3730 paruulis
821 3678 855 3715 m.
871 3661 972 3725 2F,d
1025 3663 1125 3716 ueteris
1145 3665 1339 3734 originalisque
1360 3665 1410 3719 VP

263 3751 363 3802 ueteris
381 3749 558 3820 BMWAmp
576 3753 605 3802 et
622 3749 765 3804 ueterisS
871 3751 1094 3804 3inouationem
1118 3751 1143 3804 V
1164 3753 1364 3808 innodationem
1384 3757 1410 3808 P
1504 3791 1508 3808 .

262 3837 469 3892 aeratomss
538 3839 823 3908 dabrehamipseO
911 3847 962 3909 que
986 3841 1024 3893 W
1099 3841 1131 3894 10
1151 3858 1219 3910 quae
1238 3843 1408 3914 BMSme

264 3942 316 3993 quo
335 3926 362 3978 A
471 3928 502 3981 11
524 3927 588 3981 data
607 3931 648 3982 est
666 3927 829 3999 BSWAmp
963 3931 1050 4000 possit
1068 3930 1127 3983 KP
1235 3935 1266 3986 15
1286 3932 1408 3987 uiuorum

262 4016 530 4084 mortuorumqucT
601 4018 633 4071 16
653 4019 727 4086 ergo]
749 4033 821 4071 error
842 4017 868 4071 T
939 4020 970 4072 17
992 4036 1044 4088 qua
1062 4019 1090 4072 P
1162 4021 1193 4074 18
1212 4025 1291 4074 natus
1311 4037 1362 4078 om.
1381 4023 1408 4076 B

263 4103 295 4156 21
316 4104 458 4158 uoluntate
481 4106 506 4158 Τ
593 4107 667 4160 facta
685 4113 727 4160 est
745 4125 771 4160 nx
844 4107 878 4161 22
898 4111 973 4176 q-(a.
994 4126 1011 4177 q
1031 4108 1096 4162 add.
1116 4111 1141 4176 a)
1159 4109 1190 4162 F
1259 4110 1292 4165 23
1312 4112 1408 4164 uolun-

262 4197 321 4247 tate
344 4193 370 4247 T
420 4196 456 4248 24
474 4196 576 4264 tannen]
596 4199 740 4268 tantump
816 4215 896 4251 ausus
917 4202 958 4251 est
977 4197 1112 4252 dicereC
1200 4198 1289 4253 dicere
1308 4216 1359 4256 cm.
1379 4200 1411 4254 N

262 4283 296 4336 25
317 4300 396 4353 quam
415 4299 466 4342 nnn
485 4284 555 4352 FE,·
573 4286 826 4354 qnam-erubescit
845 4304 895 4340 orn.
919 4287 957 4340 W
1025 4287 1131 4342 laudari
1150 4305 1183 4342 m.
1202 4293 1218 4342 1
1236 4289 1258 4342 0
