3396 4932
729 353 942 409 Praefatio.
1341 357 1399 420 XV

260 550 432 610 contortam
469 548 639 626 qnarrtanis
674 546 909 626 probabilitatis
948 551 1047 627 speeie
1089 547 1281 612 blandientes
1320 569 1400 612 reee-

253 655 371 732 pirnns.

305 757 396 836 Quod
420 759 569 822 Velserus
594 758 705 822 scribit
723 758 901 822 Florentiae
925 761 957 822 et
980 759 1096 822 Romae
1121 779 1219 824 nouas
1245 760 1399 825 editiones

259 866 411 948 apparari,
436 865 507 928 inde
531 865 639 949 colligi
662 869 769 948 potest
797 885 850 928 eos
884 866 938 946 qui
965 865 1138 948 Augustini
1162 885 1255 946 opera
1284 867 1399 930 edituri

259 976 347 1036 erant
380 973 564 1035 collationes
598 972 706 1052 quales
743 972 775 1034 in
814 972 974 1035 codicibus
1007 972 1061 1036 PR
1094 975 1125 1035 et
1158 970 1212 1034 OB
1245 973 1399 1037 habentur

258 1078 464 1142 conficiendas
489 1079 660 1142 curauisse.

302 1185 389 1248 Hanc
413 1184 535 1249 Volsoni
558 1185 785 1266 praefationem
808 1185 1020 1250 Louauieuses
1044 1185 1076 1247 in
1100 1189 1122 1249 t.
1146 1185 1223 1248 VIII
1246 1186 1398 1250 excuden-

258 1293 329 1354 dam
354 1295 558 1367 eurauorunt3
582 1293 770 1373 receperunt
794 1291 889 1354 etiam
912 1293 1033 1355 textum
1059 1291 1137 1368 eiua,
1161 1292 1206 1354 ita
1228 1294 1343 1371 tamen,
1361 1295 1399 1356 ut

256 1397 312 1460 ubi
336 1397 380 1461 eis
403 1397 498 1461 lectio
519 1417 536 1461 a
555 1398 597 1462 M.
617 1398 746 1462 Velsero
770 1398 801 1460 in
825 1397 967 1482 margine
990 1397 1094 1478 posita
1117 1397 1219 1480 aptior
1237 1398 1399 1462 uideretur

256 1504 335 1566 hanc
359 1504 390 1566 in
414 1506 534 1566 textum
559 1504 644 1585 poni,
667 1503 756 1567 illius
779 1503 811 1567 in
834 1504 974 1587 margine
998 1503 1113 1567 ascribi
1135 1503 1289 1568 iuberent.

301 1609 465 1688 Quomodo
497 1611 686 1676 Franciscus
719 1609 856 1675 Suarez
890 1611 1058 1692 exemplari
1089 1611 1190 1674 Roma
1214 1610 1274 1674 sibi
1298 1611 1396 1674 misso

256 1737 333 1781 usus
372 1717 414 1781 sit
449 1717 641 1797 praefatione
679 1717 827 1781 editionis
863 1721 936 1798 post
973 1717 1040 1780 eius
1069 1717 1191 1780 ebitum
1229 1717 1260 1779 in
1296 1717 1396 1798 prole-

255 1843 387 1907 gomeno
431 1827 517 1888 sexto
559 1824 598 1887 ad
638 1824 737 1888 libros
780 1825 817 1887 de
859 1824 960 1906 gratia
1007 1823 1109 1905 eapite
1151 1823 1285 1906 septimo
1327 1823 1397 1886 uul-

254 1934 345 2012 gatae
377 1930 552 1994 edocemur.
585 1928 626 1992 R.
660 1929 699 1993 P.
730 1929 899 1993 Francisoi
926 1929 1045 1992 Saarna
1078 1929 1115 1993 de
1148 1929 1261 1992 el'nina
1290 1931 1397 2009 aratia

247 2057 329 2116 pars
350 2039 460 2116 priora
486 2039 648 2100 continens
671 2035 894 2118 Prolepomena
920 2057 974 2100 sen
1001 2041 1029 2099 et
1055 2036 1132 2100 dnos
1154 2037 1280 2114 priores
1302 2034 1397 2098 libros

253 2143 290 2205 cle
325 2145 503 2206 necessitate
543 2143 673 2206 dinirrae
707 2143 830 2224 pratiae
866 2142 909 2205 ad
948 2143 1075 2205 bonesta
1115 2161 1218 2223 opera.
1261 2140 1395 2221 Operam

253 2255 352 2312 tornois
384 2254 487 2313 saetas
521 2248 656 2313 Venetiis
688 2249 775 2329 apnd
808 2248 1027 2312 Sebastianum
1059 2248 1156 2313 Coleti
1182 2246 1394 2312 MDOGXL.

252 2355 297 2417 ibi
325 2375 354 2436 p.
390 2356 452 2418 182
481 2375 526 2436 sq.
549 2357 682 2438 legitur:
705 2354 866 2419 Monitnm
888 2355 1049 2419 Lectorem
1071 2354 1215 2418 noliernns
1242 2374 1319 2434 opens
1341 2353 1397 2418 boa

254 2461 291 2524 de
307 2465 414 2543 pratia
433 2464 567 2526 editione
575 2462 774 2541 postlnanarn
793 2462 889 2525 irrerlte
907 2467 980 2526 ante
999 2483 1119 2525 annam
1138 2466 1225 2525 1614
1243 2463 1396 2541 scriptam

243 2568 347 2649 faisse
370 2568 408 2630 ab
432 2573 564 2632 anctore.
587 2569 669 2648 qnod
691 2589 762 2649 erpo
784 2568 874 2632 bodio
892 2569 1066 2651 Aaprrstini
1088 2568 1233 2648 operibns
1256 2566 1395 2631 Parisiis

252 2677 388 2737 ommissis
404 2674 567 2753 praedicto
590 2673 686 2737 Aaron
705 2680 793 2738 1614
811 2674 909 2738 Liber
932 2675 969 2738 ele
992 2674 1096 2738 Gestis
1114 2673 1242 2756 Pelopi-i
1260 2675 1395 2737 insertas

252 2779 500 2861 circumferatur,
519 2801 617 2860 neaera
635 2784 797 2844 rremtatem
820 2781 921 2844 elea-at
943 2802 1048 2844 eornm
1067 2802 1145 2864 qnae
1168 2780 1218 2843 liic
1237 2783 1271 2843 in
1294 2784 1394 2861 eapite

246 2885 417 2965 praefatio
436 2885 573 2950 Samias
590 2908 687 2967 rreqne
706 2887 852 2968 deprimit
869 2887 1034 2950 utilitatem
1052 2887 1107 2951 secl
1123 2888 1231 2968 potins
1254 2891 1393 2949 inretitam

250 2991 311 3054 sibi
339 2990 532 3056 Parisiensis
558 2991 879 3071 Conimbricensisone
907 2993 1055 3057 editiones
1082 2996 1296 3056 arroteritatem
1324 3013 1393 3056 eon-

251 3097 370 3160 ciliant.
393 3149 399 3160 .
422 3149 456 3162 ..
484 3099 551 3162 Hie
577 3120 648 3181 erpo
674 3099 750 3162 liber
772 3099 921 3162 baetenns
945 3099 1189 3177 desiderabatnr,
1213 3102 1289 3179 arria
1313 3101 1394 3162 inter·

251 3224 345 3283 opera
372 3205 545 3286 Arrpnstini
575 3208 659 3288 typis
689 3206 843 3268 mandata
874 3226 938 3268 non
966 3209 1148 3280 coritinetnr,
1177 3211 1248 3267 ante
1271 3225 1393 3285 pancos

249 3331 323 3372 nero
351 3310 462 3374 Arrrros
485 3314 626 3391 prienam
652 3314 800 3374 innentas
823 3316 868 3374 est
890 3315 925 3374 in
953 3311 1149 3375 Bibliotheca
1175 3315 1392 3391 rrronnscripta

249 3415 405 3479 Abbatiae
423 3420 525 3480 saneti
542 3417 778 3480 Bartbolomaei
797 3416 987 3480 Fesnlaram
1011 3417 1240 3481 Canonioornm
1255 3416 1392 3499 Reputa-

248 3525 333 3585 rinm
357 3521 617 3588 Lateranensinm
647 3528 675 3586 et
696 3528 806 3606 postea
834 3523 917 3587 alins
945 3524 1021 3586 liber
1048 3527 1173 3587 omnino
1201 3523 1315 3586 similis
1343 3526 1391 3586 in-

249 3634 359 3692 nentas
386 3630 502 3692 dicitnr
528 3630 709 3694 Florentiae
741 3633 777 3693 in
804 3630 1000 3694 Bibliotheca
1026 3634 1134 3713 magni
1161 3630 1272 3706 Dacis,
1304 3635 1339 3692 nt
1370 3651 1391 3692 a

248 3738 319 3798 niro
347 3737 480 3815 arrodam
506 3737 613 3815 nobili,
641 3737 726 3800 eleeto
755 3757 792 3800 ae
814 3736 877 3817 tiele
899 3737 1080 3817 diarrissimo
1104 3740 1218 3817 accepi,
1242 3736 1279 3800 eto
1302 3740 1391 3800 enias

248 3862 346 3903 rrrann
377 3842 535 3922 exemplar
565 3841 670 3921 babai,
703 3841 784 3922 qnod
811 3842 992 3922 fidelissime
1024 3845 1220 3922 transcripsi.
1247 3893 1252 3905 .
1278 3893 1284 3904 .
1311 3893 1317 3905 .
1345 3843 1391 3905 Et

249 3950 397 4026 pitantiam
425 3948 468 4010 ael
494 3947 586 4011 bairis
613 3952 712 4011 nostri
740 3952 842 4028 aperis
867 3949 1087 4028 perfectionem
1120 3949 1320 4012 utilissimam
1353 3971 1390 4013 ac

247 4053 312 4132 fere
334 4057 542 4117 rieeessarinm
565 4075 627 4117 esso
651 4057 864 4118 enistinrarnns
887 4059 915 4118 et
933 4077 974 4118 on
993 4055 1033 4118 ab
1053 4054 1127 4118 aliis
1139 4055 1390 4137 prornnlpandns

247 4162 288 4222 sit
320 4149 510 4240 ipnoramns
544 4160 633 4223 illam
665 4160 720 4223 boo
753 4160 816 4224 loeo
838 4161 1104 4240 praemittendam
1133 4161 1287 4241 dammas,
1310 4161 1392 4224 nibil

247 4268 373 4328 omnirro
397 4265 434 4328 ile
463 4266 566 4329 uerbis
587 4265 760 4347 Anpnstini
788 4266 991 4330 irnnmtanclo.
1019 4267 1102 4346 Qnia
1128 4288 1202 4330 nera
1231 4271 1264 4330 in
1287 4267 1389 4330 eodem
