3388 4946
637 1007 691 1071 bu
717 1006 873 1072 GRATIA
898 1007 1065 1074 CHRISTI

260 1097 263 1100 ’
319 1149 377 1214 nr
401 1150 460 1213 nu
484 1147 683 1215 nnccnno
710 1147 952 1216 onrcruanr
974 1151 1113 1216 uranu
1137 1150 1380 1217 sncvnnus.

262 1235 263 1238 Ἰ
578 1287 632 1342 DE
659 1287 854 1344 PECCATO
884 1288 1121 1344 ORIGINALI.

320 1415 345 1478 Ι.
368 1416 393 1478 1.
413 1415 480 1478 Iam
496 1433 578 1478 nunc
593 1414 762 1498 diligenter
777 1413 932 1478 aduertite
949 1414 986 1478 de
1005 1414 1196 1497 baptismate
1215 1415 1423 1497 paruulorum

242 1541 370 1603 aquam
400 1524 491 1585 caute
521 1521 661 1584 debeatis
692 1521 799 1585 audire
832 1521 975 1586 homines
1010 1521 1078 1585 eius
1111 1521 1209 1599 modi,
1242 1521 1296 1603 qui
1325 1541 1426 1603 neque

274 1631 381 1710 aperte
404 1627 452 1690 illi
476 1627 573 1690 aetati
595 1627 757 1690 lauaorum
778 1625 1023 1711 regenerationis
1043 1630 1075 1691 et
1093 1629 1296 1708 peccatorum
1314 1629 1427 1692 remis-

274 1735 371 1798 sionis
392 1733 509 1797 audent
527 1753 650 1816 negare,
670 1752 708 1797 ne
728 1734 788 1798 hoc
808 1733 996 1797 christianae
1012 1753 1102 1798 erues
1117 1733 1197 1797 ferre
1212 1753 1273 1797 non
1292 1733 1426 1816 possint,

274 1842 432 1904 ettamen
458 1839 634 1922 opinionem
660 1858 761 1916 suam,
797 1858 858 1922 qua
881 1842 995 1922 putant
1017 1842 1146 1921 peccato
1170 1839 1264 1922 primi
1287 1839 1424 1904 bominis

273 1947 429 2010 carnalem
454 1945 686 2030 generationem
712 1945 877 2009 obnoxiam
895 1964 956 2008 non
976 1946 1085 2022 teneri,
1110 1946 1192 2009 tueri
1212 1949 1244 2010 et
1263 1945 1425 2009 defensare

228 2073 254 2112 ro
271 2053 457 2136 persistunt.
491 2052 637 2134 quamuis
667 2049 712 2115 eis
741 2051 934 2134 baptismum
964 2052 1132 2116 uideantur
1163 2052 1194 2116 in
1222 2056 1424 2134 peccatorum

261 2159 490 2246 remissionem
521 2159 698 2224 concedere.
731 2178 844 2241 nempe
876 2159 938 2240 ipsi
967 2179 985 2223 a
1012 2159 1143 2242 Pelagio
1171 2177 1232 2224 uos
1259 2163 1425 2241 praesente

272 2265 446 2348 scripsistis
470 2265 598 2330 audisse
622 2265 774 2330 recitante
798 2265 891 2329 uobis
916 2265 953 2329 de
977 2265 1085 2330 libello
1110 2285 1179 2343 suo,
1209 2285 1303 2347 quem
1328 2265 1424 2329 etiam

270 2371 403 2436 Romam
429 2391 462 2436 se
487 2371 615 2436 misisse
640 2371 811 2447 asserebat,
846 2371 929 2452 quod
953 2371 1064 2436 ‘isdem
1093 2372 1280 2436 sacramenti
1304 2371 1425 2435 uerbis'

272 2478 377 2542 dicant
400 2479 523 2542 ‘debere
547 2477 700 2560 baptizari
723 2477 858 2542 infantes
883 2477 998 2560 quibus
1023 2481 1055 2542 et
1078 2478 1234 2542 maiores’.
1260 2478 1330 2560 quis
1350 2480 1425 2560 post

229 2603 255 2642 ιε)
273 2584 336 2648 ista
358 2585 455 2649 uerba
477 2588 604 2668 putaret
627 2585 673 2649 eis
697 2585 734 2647 de
758 2586 816 2648 hac
839 2603 872 2648 re
895 2586 994 2649 ullam
1017 2585 1208 2648 mouendam
1235 2603 1305 2648 esse
1331 2603 1424 2666 quae·

271 2691 426 2756 stionem?
451 2694 505 2754 aut
530 2710 602 2754 oum
622 2691 749 2768 faceret,
770 2691 821 2755 cui
840 2711 901 2764 non
923 2691 1230 2755 calumniosissimus
1249 2690 1422 2767 uideretur,

270 2797 295 2860 si
321 2817 382 2860 non
406 2816 515 2861 eorum
538 2797 708 2861 manifesta
732 2798 829 2862 uerba
847 2799 1036 2881 legerentur,
1061 2797 1115 2860 ubi
1134 2799 1252 2880 negant
1269 2797 1422 2880 paruulos

269 2903 391 2966 trahere
417 2902 568 2987 originale
588 2905 754 2984 peccatum
775 2922 948 2986 omnesque
969 2903 1035 2968 sine
1054 2903 1120 2968 ullo
1140 2903 1219 2967 uitio
1239 2909 1330 2967 natos
1351 2921 1422 2966 esse

271 3007 487 3072 contendunt?
1348 3015 1350 3020 '

223 3137 251 3176 no
312 3115 353 3178 11.
379 3117 408 3178 2.
433 3115 474 3178 Et
503 3115 680 3181 Caelestius
711 3117 838 3198 quidem
868 3117 898 3180 in
926 3118 986 3181 boo
1015 3116 1137 3181 exstitit
1164 3135 1265 3180 errore
1289 3115 1419 3179 liberior

268 3239 369 3302 usque
393 3221 480 3292 adeo.
507 3225 543 3286 ut
566 3241 668 3304 neque
692 3223 724 3286 in
749 3223 921 3304 episcopali
944 3222 1061 3287 iudicio
1087 3222 1171 3304 apud
1195 3221 1419 3306 Carthaginem

269 3326 415 3390 damnare
440 3329 578 3392 uoluerit
602 3348 655 3392 eos
684 3329 738 3410 qui
763 3329 872 3392 dieunt
896 3329 991 3411 ‘quod
1016 3331 1181 3410 peecatum
1205 3329 1292 3392 Adae
1311 3327 1418 3410 ipsum

268 3434 372 3496 solum
400 3433 528 3498 laeserit
556 3437 588 3498 et
615 3453 676 3497 non
706 3453 805 3518 genus
835 3436 1008 3498 humanum
1037 3439 1068 3499 et
1097 3433 1181 3516 quod
1204 3434 1339 3500 infantes
1364 3435 1419 3516 qui

339 3622 442 3678 2Hiuc
451 3640 536 3692 usque
546 3625 585 3678 eol
589 3627 848 3694 pep.174,2ete'am
856 3627 1001 3680 ood.1974
1009 3645 1030 3681 a.
1039 3627 1143 3680 XIIII
1147 3627 1301 3694 scripturae
1309 3624 1417 3694 (=P¹)⁷

266 3711 315 3778 qut
329 3711 451 3765 Parisiis
471 3712 503 3765 in
521 3714 584 3766 bibl.
602 3716 813 3768 armamentarie'
832 3715 876 3783 (de
894 3715 913 3768 l'
928 3715 1058 3782 Arseual)
1079 3721 1248 3783 assuuntur,
1267 3716 1416 3782 recepimus

304 3815 336 3868 10
356 3816 543 3871 remissionem
562 3824 734 3888 peccatorum
755 3821 771 3874 b
854 3821 884 3873 11
906 3821 1062 3874 remissione
1082 3821 1159 3875 codd.
1250 3837 1347 3892 nempe
1366 3838 1415 3874 uos

266 3903 320 3972 ipsi
339 3921 355 3956 a
376 3904 521 3973 l'elagiob
569 3908 602 3961 12
622 3909 749 3962 recitauit
767 3909 804 3962 P¹
847 3911 879 3964 15
898 3910 961 3979 ista]
981 3911 1030 3963 illa
1049 3909 1086 3964 bd
1134 3913 1166 3964 16
1186 3913 1217 3964 ut
1236 3926 1295 3963 eam
1313 3909 1417 3963 faceret

267 3992 315 4060 qni
334 4009 388 4044 non
407 4009 463 4061 sqq.
488 3995 514 4047 V
583 3999 655 4067 eum]
677 3999 714 4051 eis
734 3999 749 4052 b
823 3999 866 4052 cui
886 4016 949 4052 uero
970 3999 1206 4054 calumniosissimi
1224 3998 1414 4052 uiderenturb

269 4081 300 4132 17
321 4080 368 4132 ubi
387 4087 593 4152 negant-174,
613 4089 649 4139 17
668 4086 767 4140 diuites
787 4087 883 4141 deserui
902 4087 976 4141 ireC
1021 4088 1053 4141 18
1073 4105 1164 4142 omnes
1185 4087 1265 4157 quib
1316 4087 1414 4142 aoce-

266 4167 363 4222 lestius
385 4168 456 4222 CbT
525 4174 677 4230 alinum.
700 4175 789 4228 ΤΡΡι
862 4177 1027 4245 cartaginem
1050 4176 1146 4230 CerP
