3410 4952
423 328 465 382 de
492 329 648 398 nuptiis
677 331 713 383 et
741 329 1075 398 concupiscentia
1102 330 1130 383 ΙΙ
1157 331 1191 384 57
1305 334 1369 397 315

227 524 281 605 qui
309 542 415 588 eorum
445 524 490 588 sic
519 523 637 588 adserit
659 524 882 603 innocentiam,
905 529 942 589 ut
966 525 1116 590 sauciatis
1141 529 1173 589 et
1199 525 1371 590 uulneratis

226 634 319 714 neget
342 631 551 694 necessariam
575 630 773 696 medicinam.

271 737 431 802 XXXIIII.
464 737 517 802 57.
549 738 617 802 Iam
646 737 729 820 quod
758 738 900 819 sequitur
928 744 960 802 et
988 737 1141 822 adiungit,
1165 738 1308 802 adtende.
1334 738 1372 802 ‘si

228 846 299 907 ante
321 845 508 926 peccatum',
532 844 645 926 inquit,
671 846 735 927 ‘per
759 844 852 908 deum
877 847 1014 908 creatum
1041 849 1090 908 est
1118 845 1200 908 unde
1228 844 1372 908 homines

197 973 210 1013 a
228 954 439 1028 nascerentur,
454 970 509 1032 per
524 950 685 1015 diabolum
701 952 807 1015 autem
822 950 905 1014 unde
920 954 1066 1032 parentes
1086 953 1372 1028 commonerentur,

227 1057 424 1121 adscribetur
446 1057 513 1122 sine
537 1057 632 1122 dubio
657 1058 809 1122 sanctitas
832 1058 1034 1122 nascentibus
1058 1060 1090 1122 et
1113 1060 1207 1140 culpa
1226 1076 1372 1140 generan-

227 1163 325 1230 tibus.
359 1163 443 1246 quod
476 1164 550 1246 quia
587 1164 848 1230 manifestissime
884 1165 1012 1246 nuptias
1052 1164 1188 1240 damnat,
1226 1167 1371 1228 amoueto

226 1272 310 1335 hunc
338 1290 476 1348 sensum,
505 1290 624 1353 precor,
654 1271 692 1336 de
720 1272 925 1336 ecclesiarum
954 1271 1058 1335 medio
1088 1274 1119 1334 et
1146 1289 1220 1335 uere
1254 1270 1371 1335 credito

228 1377 302 1459 quia
324 1379 503 1460 pertesum
525 1377 686 1443 Christum
705 1378 789 1444 facta
808 1382 882 1442 sunt
902 1378 1007 1442 omnia
1027 1380 1059 1441 et
1077 1378 1144 1442 sine
1162 1377 1232 1460 ipso
1252 1377 1372 1442 factum

184 1505 210 1544 ro
229 1487 277 1548 est
313 1485 413 1550 nihil¹.
441 1485 487 1548 ita
522 1485 582 1550 hoc
615 1485 701 1561 dicit,
735 1485 825 1568 quasi
858 1504 915 1550 nos
949 1484 1091 1548 dicamus
1123 1503 1179 1566 per
1211 1483 1373 1548 diabolum

229 1591 347 1672 aliquid
380 1591 578 1656 substantiae
607 1595 748 1656 creatum
774 1592 807 1656 in
840 1591 1033 1656 hominibus.
1067 1590 1227 1673 persuasit
1253 1590 1373 1654 malum

229 1697 374 1764 diabolus
402 1701 566 1780 tamquam
593 1702 769 1782 peccatum,
798 1717 858 1762 non
888 1698 1008 1762 creauit
1031 1700 1194 1778 tamquam
1217 1699 1371 1760 naturam.

230 1804 285 1868 sed
313 1805 405 1888 plane
432 1808 562 1870 naturae
594 1806 762 1888 persuasit,
792 1804 866 1886 quia
893 1804 987 1868 homo
1016 1807 1128 1868 natura
1156 1806 1214 1881 est,
1244 1806 1276 1868 et
1301 1802 1372 1866 ideo

230 1929 298 1976 eam
336 1911 554 1993 persuadendo
591 1912 730 1977 uitiauit.
769 1911 822 1993 qui
864 1911 947 1976 enim
988 1910 1143 1988 uulnerat,
1185 1929 1246 1976 non
1289 1913 1374 1974 creat

185 2036 211 2077 rs
229 2015 381 2093 membra,
411 2016 466 2082 sad
490 2020 593 2082 uerat.
619 2018 675 2082 sed
698 2018 839 2095 uulnera,
865 2035 944 2098 quae
969 2017 1153 2099 corporibus
1177 2016 1372 2100 infliguntur,

229 2123 370 2186 membra
383 2124 506 2188 faciunt
519 2123 696 2188 claudicare
716 2124 770 2188 rrel
789 2143 880 2208 aegre
899 2123 1031 2200 moueri,
1050 2141 1112 2188 non
1132 2143 1201 2188 eam
1220 2123 1373 2188 uirtutem

230 2248 291 2310 qua
313 2230 419 2294 iustus
443 2233 493 2294 est
515 2231 623 2306 homo;
648 2232 766 2295 uulnus
791 2234 908 2306 autem,
933 2229 1018 2312 quod
1040 2233 1207 2311 peccatum
1230 2235 1372 2300 uocatur,

228 2335 330 2418 ipsam
360 2337 460 2400 uitam
489 2339 643 2415 uulnerat,
673 2357 736 2421 qua
757 2342 842 2403 recte
866 2337 1044 2402 uiucbatur.
1068 2337 1128 2401 hoc
1152 2341 1258 2401 autem
1277 2336 1371 2400 ualde

228 2443 304 2505 tunc
340 2443 444 2507 maius
477 2445 571 2524 atque
609 2443 705 2508 altius
743 2444 887 2510 diabolus
919 2443 1042 2510 inflixit.
1076 2464 1169 2526 quam
1203 2447 1279 2508 sunt
1309 2443 1373 2508 ista

185 2568 211 2608 ac
230 2548 412 2613 hominibus
453 2553 528 2614 nota
563 2556 703 2633 paccata.
742 2551 825 2618 unde
860 2553 916 2617 illo
951 2571 1067 2637 magno
1103 2551 1198 2633 primi
1234 2550 1371 2614 hominis

229 2658 359 2736 peccato
387 2657 500 2720 natura
526 2655 571 2720 ibi
599 2659 706 2720 nostra
733 2657 764 2720 in
794 2657 932 2724 deterius
961 2661 1156 2724 commutata
1183 2677 1244 2722 non
1268 2658 1372 2722 solum

230 2763 280 2824 est
306 2760 389 2824 facta
415 2762 583 2843 peccatrix,
610 2781 722 2828 uerum
746 2764 841 2828 etiam
866 2766 975 2847 genuit
997 2769 1188 2848 peccatores.
1212 2767 1245 2828 et
1266 2767 1371 2828 tame'n

229 2865 298 2947 ipse
325 2868 466 2952 languor,
496 2889 558 2952 quo
586 2871 665 2936 bene
693 2870 823 2936 uiuendi
850 2873 953 2937 uirtus
977 2873 1081 2954 periit,
1105 2891 1165 2936 non
1190 2874 1239 2935 est
1262 2869 1372 2952 utiquo

229 2977 350 3054 natura,
376 2975 430 3039 sed
454 2976 580 3056 uitium,
606 2978 690 3042 sicut
713 2982 796 3042 certo
820 2979 903 3041 mala
926 2979 958 3042 in
982 2997 1110 3062 corpore
1139 2977 1283 3044 ualitudo
1311 2995 1373 3041 non

186 3098 211 3139 a
231 3085 280 3146 est
293 3082 359 3146 ulla
379 3080 558 3148 substantia
576 3084 629 3148 uel
647 3088 768 3162 natura,
789 3083 844 3149 sed
863 3085 990 3162 uitium,
1015 3089 1045 3149 et
1063 3085 1141 3150 licet
1158 3105 1219 3150 uon
1239 3103 1372 3166 semper,

320 3343 336 3396 9
355 3341 389 3396 cf.
409 3342 467 3398 Ich.
488 3344 512 3407 l,
531 3344 548 3397 3
605 3344 638 3397 18
657 3343 707 3413 Op.
729 3344 793 3412 imp.
812 3343 851 3396 VI
871 3345 886 3396 7
906 3344 1071 3413 (ualde—24
1089 3345 1200 3412 uitium)

268 3518 280 3569 1
302 3533 393 3570 eorum
412 3534 462 3572 om.
482 3518 509 3570 P
597 3519 614 3572 2
632 3519 725 3587 neget]
747 3535 801 3572 non
820 3519 856 3572 sit
873 3516 906 3572 N
1024 3520 1176 3574 necessaria
1193 3519 1327 3573 medicina
1345 3520 1375 3572 N

231 3605 331 3674 aquid
357 3605 516 3677 OBSWAp
652 3608 670 3660 4
694 3608 767 3678 ante]
792 3611 882 3662 antem
909 3607 949 3662 Ob
1089 3611 1105 3663 5
1128 3611 1332 3662 renascerentur
1353 3608 1377 3662 S

230 3699 546 3764 per—commonerentur
564 3712 614 3752 cm.
636 3696 662 3749 Τ
733 3699 749 3752 6
768 3697 913 3750 ascribitur
929 3698 957 3750 P
975 3697 1122 3752 ascribetur
1140 3698 1194 3752 Em
1212 3698 1376 3752 asscribatur

230 3784 401 3855 BMSWAp
446 3787 605 3838 damouetc
623 3786 651 3838 P
696 3785 727 3839 11
747 3785 902 3838 hominibus
921 3803 955 3839 m.
975 3789 995 3840 2
1013 3802 1046 3840 cx
1064 3785 1234 3840 omnibusC
1276 3788 1308 3842 13
1326 3803 1374 3840 na·

231 3877 291 3926 tura
313 3873 425 3926 CFEN
531 3876 639 3944 natura]
661 3879 766 3928 creatus
785 3892 819 3928 m.
839 3878 859 3928 2
877 3891 910 3928 ca:
928 3874 1053 3928 natusU
1151 3877 1183 3929 14
1202 3893 1261 3930 eam
1280 3892 1330 3930 om.
1349 3876 1377 3929 P

232 3962 302 4015 eninr
321 3978 372 4016 om.
394 3963 434 4017 W
485 3964 518 4018 15
537 3963 687 4032 infiguntur
708 3963 734 4016 T
789 3965 821 4016 16
838 3963 953 4017 moriP
1017 3965 1049 4017 17
1069 3963 1181 4032 quiaF
1233 3964 1266 4018 18
1285 3963 1374 4032 ualde]

231 4050 364 4104 uulnusb
428 4051 461 4105 19
480 4051 567 4105 infixit
590 4052 644 4106 TE
658 4052 803 4106 ino-xire
863 4052 896 4104 21
916 4051 956 4106 ibi
973 4056 1068 4106 nostra
1086 4069 1136 4106 om.
1156 4053 1190 4108 N
1249 4052 1283 4105 22
1302 4052 1376 4106 facta

232 4144 274 4194 est
296 4139 359 4194 Vbd
420 4143 534 4210 generat
556 4141 759 4196 TFEKVPbd
803 4142 837 4196 23
856 4141 953 4210 langor
971 4142 1077 4196 m.1F
1116 4142 1150 4194 24
1170 4141 1376 4196 sicut-uitium

231 4246 282 4283 om.
301 4230 335 4284 N
404 4231 486 4298 certe]
509 4233 537 4284 et
558 4230 641 4283 TKP
658 4229 792 4285 ceteraO
861 4229 991 4285 ualetudo
1014 4230 1070 4284 ΤΚ
1075 4229 1193 4284 VPNbd
