3410 4952
437 454 1261 528 1666611166166666616666116133-34
1354 455 1418 518 245

277 657 415 720 malum
445 653 602 727 adiacet,
632 653 692 715 hoc
720 654 782 714 est:
812 649 938 713 inuenio
967 649 1071 732 legem
1102 649 1179 712 mihi
1209 651 1419 717 essebonum

278 761 398 826 uolenti
416 761 517 824 facere
538 757 621 840 quod
640 759 689 822 lox
707 757 788 834 6611,
810 755 957 837 quoniam
976 773 1036 818 uon
1055 754 1116 836 ipsi
1136 755 1210 838 legi,
1232 775 1312 836 6666
1328 757 1418 822 dicit:

277 887 345 932 non
371 866 627 947 concupisces,
653 864 709 928 sed
732 861 811 926 mihi
835 861 958 926 6116661
980 861 1100 924 malum
1125 862 1208 942 quod
1232 864 1316 940 nolo,
1347 864 1420 946 quia

279 980 310 1039 et
337 976 448 1040 nolens
477 971 678 1053 concupisco.
710 969 952 1034 condelector
982 967 1088 1045 enim,
1117 968 1231 1048 inquit,
1259 970 1337 1053 legi
1361 973 1419 1038 dei

247 1081 483 1147 seecundum
519 1077 740 1142 interiorem
773 1075 966 1151 hominem,
1001 1074 1114 1138 uideo
1148 1079 1269 1140 autem
1308 1079 1418 1145 aliam

276 1189 396 1272 legem
410 1187 446 1250 in
467 1185 644 1250 membris
664 1182 759 1246 meis
778 1185 1046 1264 repugnantem
1066 1181 1145 1265 legi
1163 1183 1300 1248 mentis
1319 1206 1419 1253 meae

278 1297 314 1359 et
351 1293 606 1376 captiuantom
644 1309 700 1356 me
738 1289 807 1354 sub
845 1289 929 1370 lege
966 1289 1115 1369 6666611
1153 1309 1246 1370 quae
1287 1299 1344 1356 cst
1383 1293 1418 1356 in

276 1399 455 1464 membris
488 1397 591 1462 meis.
624 1396 687 1460 1616
720 1394 947 1460 condelectatio
981 1394 1045 1478 legi
1078 1395 1128 1458 dei
1165 1397 1419 1464 6666616616-

277 1507 424 1571 teriorem
455 1505 615 1569 hominem
650 1503 687 1566 de
720 1521 835 1586 magna
867 1501 957 1566 nobis
990 1501 1079 1564 uenit
1107 1503 1208 1585 gratia
1236 1503 1296 1570 dei.
1324 1505 1355 1568 in
1385 1526 1419 1572 ca

235 1614 396 1696 6661666
420 1611 580 1676 interior
603 1609 711 1674 homo
736 1611 864 1673 noster
886 1611 1091 1672 renouatur
1115 1609 1157 1672 de
1181 1609 1239 1674 die
1257 1611 1290 1674 in
1313 1612 1419 1690 diem,

278 1739 350 1784 cum
373 1719 403 1782 in
430 1737 466 1782 66
484 1716 609 1800 prolicit
627 1717 871 1798 perseueranter.
891 1733 952 1778 non
973 1715 1054 1778 enim
1075 1714 1171 1778 timor
1190 1719 1239 1780 661
1257 1720 1419 1800 torquens,

278 1825 334 1890 sed
353 1844 440 1888 amor
457 1825 567 1888 libens.
585 1823 631 1887 ibi
650 1841 761 1886 sumus
781 1821 935 1886 ueraciter
953 1821 1054 1898 liberi,
1071 1821 1125 1886 ubi
1146 1842 1207 1886 non
1227 1823 1421 1890 delectamur·

277 1931 379 1996 inuiti.

323 2039 376 2101 34.
406 2037 522 2100 Verum
551 2035 632 2099 illud
662 2035 746 2116 quod
775 2035 833 2098 ait:
862 2033 972 2098 uideo
1002 2037 1123 2098 autern
1154 2036 1264 2110 aliam
1296 2038 1419 2122 legem

235 2144 314 2206 15111
343 2143 518 2207 membris
544 2142 636 2206 meis
660 2143 930 2224 repugnantem
955 2141 1032 2224 legi
1055 2142 1191 2208 mentis
1216 2163 1326 2221 meae,
1351 2145 1421 2230 1666

279 2250 413 2316 6611616
437 2249 474 2313 16
500 2269 561 2330 que
583 2248 743 2330 loquimur
767 2247 1032 2328 concupiscentia,
1057 2249 1106 2312 lex
1129 2250 1251 2331 6666611
1274 2251 1305 2314 16
1331 2270 1420 2316 carne

280 2356 410 2438 6666611.
440 2355 522 2437 6661
547 2358 654 2418 autem
679 2354 770 2418 dixit:
796 2357 831 2418 et
860 2354 1115 2435 captiuantem
1148 2374 1202 2419 me
1237 2357 1304 2420 sub
1337 2358 1420 2441 lege

278 2463 438 2544 peccati,
463 2463 523 2526 hcc
547 2465 609 2525 est:
635 2462 694 2526 sub
719 2480 753 2526 se
776 2461 855 2543 1666,
877 2480 970 2542 quae
990 2466 1046 2526 est
1066 2463 1102 2526 in
1122 2463 1297 2528 membris
1318 2465 1421 2543 meis,

279 2572 334 2632 aut
362 2557 619 2651 captiuantem
654 2568 733 2632 dixit
761 2568 921 2650 captiuam
951 2572 1126 2645 conantem,
1154 2569 1186 2633 id
1215 2570 1325 2634 66161
1351 2590 1421 2635 con·

233 2675 478 2740 assentiendum
500 2675 748 2757 inplendumque
773 2678 948 2758 cogentem,
973 2679 1028 2740 661
1050 2676 1158 2757 661166
1182 2714 1224 2722 -
1249 2677 1334 2758 quod
1360 2697 1421 2742 666

277 2784 373 2846 habet
396 2782 642 2846 controuersiam
667 2821 709 2828 —
733 2782 946 2864 captiuantem
971 2783 1143 2850 secundum
1169 2802 1420 2865 661-66666666

277 2889 338 2953 nisi
361 2893 482 2953 teneret
502 2890 634 2952 carnalis
654 2889 921 2969 concupiscentia,
942 2907 1035 2969 quarn
1054 2889 1157 2972 legem
1176 2891 1299 2972 6666611
1317 2896 1421 2972 uocat,
1472 2939 1475 2945 .

276 3014 337 3058 non
362 2997 474 3077 utique
497 2996 529 3059 in
554 3015 590 3058 66
613 2995 715 3059 ullum
739 2995 896 3058 inlicitum
921 2994 1122 3074 desiderium,
1148 2997 1199 3060 661
1221 3017 1309 3061 mens
1330 2998 1420 3062 oboe-

278 3101 343 3166 dire
363 3122 423 3166 non
445 3102 567 3179 debeat,
588 3104 811 3166 commoueret.
831 3101 915 3182 quod
935 3104 1039 3166 autem
1056 3121 1115 3166 non
1132 3103 1190 3166 ait:
1206 3103 1419 3184 captiuantem

234 3228 260 3268 25
280 3225 404 3272 carnem
433 3229 548 3286 meam,
578 3208 651 3272 sed:
681 3208 936 3289 captiuantem
963 3227 1028 3285 me,
1058 3209 1130 3272 hino
1155 3211 1358 3289 factumest,
1384 3217 1420 3276 61

277 3333 389 3380 666666
419 3315 470 3380 hio
500 3315 581 3378 alius
611 3317 813 3395 quaereretur
841 3317 873 3377 61
905 3314 1118 3396 acciperemus
1153 3317 1418 3401 captiuantem,

274 3421 366 3484 uelut
384 3421 529 3486 dixisset:
546 3423 705 3504 captiuare
725 3424 897 3484 conantem.
918 3421 973 3484 sed
994 3439 1049 3486 cur
1067 3442 1129 3486 non
1150 3423 1281 3488 diceret:
1303 3426 1418 3506 66611-

275 3531 422 3592 6661661
441 3548 505 3606 me,
526 3528 581 3591 ubi
600 3527 699 3591 uellet
716 3526 860 3608 intellegi
880 3545 1004 3590 carnem
1025 3532 1137 3592 suam?
1157 3549 1194 3592 an
1214 3550 1276 3593 non
1296 3531 1417 3595 dictum

275 3636 324 3696 est
348 3634 385 3697 de
409 3634 494 3713 lesu,
515 3653 587 3698 eum
606 3633 636 3696 in
658 3634 861 3696 monumento
881 3652 942 3697 non
961 3634 1077 3698 fnisset
1097 3653 1166 3699 caro
1188 3636 1255 3700 cius
1275 3636 1417 3701 inuenta:

363 3791 475 3847 41166,
496 3792 519 3856 r,
539 3790 582 3844 66.
602 3791 635 3843 66
692 3789 850 3844 mucor.
871 3791 896 3855 4,
918 3792 951 3844 ro

312 3913 518 3983 lmihilegem
537 3914 565 3966 B
638 3930 695 3966 esse
715 3931 765 3968 666.
784 3914 812 3966 Ρ
865 3913 1013 3967 21161111
1064 3917 1163 3985 36616
1184 3918 1292 3970 616616
1313 3920 1416 3972 61666-

275 4003 382 4071 6661666
402 4002 432 4054 F
483 4002 610 4070 linquit
629 4019 679 4055 666.
704 4001 743 4055 W
803 4002 926 4071 5legem
947 4003 1028 4056 uliam
1046 4005 1075 4058 E
1136 4005 1417 4075 dcundelectatio]c

275 4089 421 4144 delectatio
445 4088 484 4142 W
551 4090 621 4158 legis
644 4090 698 4143 ΤΡ
764 4091 794 4144 ll
817 4095 859 4144 est
877 4091 1004 4145 timorP
1070 4095 1103 4146 12
1123 4092 1289 4147 delectemur
1307 4111 1341 4148 m.
1361 4096 1419 4150 10

275 4178 417 4232 11661616
437 4178 596 4234 omnnio
643 4181 674 4232 15
693 4182 863 4249 repugnante
886 4181 925 4233 W
968 4182 1073 4252 161616
1096 4183 1243 4237 Wom.S
1284 4184 1316 4237 19
1332 4187 1416 4253 66611-

273 4268 707 4337 66666(66666666161.16)Β
744 4269 844 4321 226161
863 4270 942 4334 utK
975 4271 1009 4324 26
1025 4271 1093 4324 61166
1108 4271 1152 4325 hic
1170 4271 1209 4326 W
1241 4273 1365 4327 2866161
1383 4273 1420 4326 W

273 4355 306 4408 29
326 4372 379 4408 non
398 4355 496 4408 fuisset
515 4357 542 4408 16
561 4359 735 4409 monumento
756 4374 775 4424 μ
