3388 4946
259 393 320 455 184
606 392 633 445 S.
662 392 798 444 Aureli
827 393 1041 460 Augustini

255 588 349 650 uante
382 587 520 666 apertius
557 586 619 649 iarn
657 585 779 650 deuitat
816 587 949 651 ecclesia
987 588 1110 652 duobus
1147 589 1230 665 istis,
1268 591 1397 675 Pelagio

256 692 380 756 scilicet
403 696 435 756 ct
459 693 626 770 Caelestia,
652 696 707 756 aut
725 693 878 757 inlocum
898 695 1105 775 paenitentiae
1125 696 1260 760 redactis
1281 701 1345 776 aut,
1371 699 1397 762 si

255 798 288 860 id
306 801 532 878 recusaueriut,
553 801 676 864 omnino
692 801 858 878 damnatis,
880 802 933 884 qui
947 801 1043 866 huius
1059 804 1276 884 peruersitatis
1292 809 1398 870 aucto-

256 923 306 968 res
330 906 383 969 uel
406 906 609 988 perhibentur
632 907 684 971 uel
709 907 803 970 ctiam
828 908 999 988 probantur
1016 909 1069 972 uel
1088 913 1182 985 certe,
1207 911 1234 973 si
1254 915 1397 975 auctores

257 1029 317 1074 uon
341 1014 424 1082 sunt,
449 1012 505 1075 sed
528 1012 587 1076 hcc
611 1013 649 1076 ab
673 1013 743 1076 aliis
768 1013 954 1089 didicerunt,
979 1018 1151 1078 assertores
1175 1019 1280 1080 tamen
1305 1020 1398 1098 atque
1418 1040 1430 1078 5

258 1117 413 1197 doctores,
436 1137 491 1200 per
515 1138 593 1200 quos
617 1119 650 1183 id
672 1119 769 1182 latius
792 1122 930 1201 reptaret
954 1124 985 1184 st
1004 1125 1167 1196 cresceret,
1192 1125 1224 1187 et
1242 1123 1347 1187 uerbis
1368 1127 1399 1185 et

257 1223 372 1286 litteris
397 1224 463 1288 suis
489 1228 520 1287 ct
543 1226 794 1308 competentibus
817 1226 942 1290 indiciis
967 1230 1000 1290 et
1026 1227 1110 1292 fama
1130 1228 1232 1292 erbis
1253 1229 1399 1292 omnibus

258 1333 406 1412 surgente
426 1333 457 1393 et
476 1331 692 1395 crebrescente
711 1332 882 1396 iactantur:
908 1333 982 1413 quid
1000 1336 1109 1412 restat,
1128 1333 1244 1398 nisi'ut
1264 1335 1400 1415 quisque

259 1436 434 1500 catholicus
458 1457 513 1519 pro
538 1438 670 1516 uiribus,
696 1457 773 1520 quas
798 1439 897 1502 sumit
920 1458 936 1502 a
961 1439 1097 1516 domino,
1121 1441 1289 1523 redarguat
1305 1441 1400 1504 istam

258 1545 378 1624 pestem
404 1543 494 1625 eique
519 1545 689 1626 uigilanter
717 1545 862 1623 obsistat,
891 1548 936 1621 ut,
966 1565 1038 1609 cum
1062 1547 1271 1628 respondendi
1295 1565 1401 1610 neces·
1420 1565 1446 1604 ro

258 1649 353 1712 sitate
369 1649 434 1712 sine
455 1650 559 1714 studio
581 1651 789 1715 contentionis
809 1671 864 1732 pro
884 1652 1017 1716 ueritate
1037 1655 1185 1730 certatur,
1205 1653 1402 1716 instruantur

258 1755 377 1818 indocti
411 1759 504 1837 alque
537 1757 582 1820 ita
613 1758 644 1820 in
679 1757 831 1821 ecclesiae
864 1761 1066 1821 conuertatur
1097 1759 1279 1834 utilitatem,
1317 1759 1401 1840 quod

259 1864 308 1925 est
339 1861 486 1926 inimicus
517 1864 548 1926 in
581 1864 751 1945 perniciem
782 1864 980 1928 machinatus
1012 1865 1099 1928 iuxta
1129 1865 1210 1928 illud
1249 1865 1399 1946 apostoli:

260 1971 409 2049 oportet
437 1973 473 2032 et
502 1970 675 2034 haereses
704 1989 796 2045 essa,
831 1975 871 2033 ut
902 1971 1050 2052 probati
1080 1971 1272 2035 manifesti
1305 1971 1401 2034 siant

258 2074 357 2138 inter
380 2080 470 2140 uos?
1421 2096 1447 2134 ra

303 2180 420 2244 XXIII.
449 2183 501 2246 26.
532 2182 730 2264 Quapropter
761 2188 835 2265 post
866 2183 978 2258 multa,
1013 2202 1091 2264 quae
1120 2183 1270 2246 aduersus
1302 2184 1400 2246 istum

259 2305 394 2350 errorem
404 2288 566 2351 inimicum
579 2289 696 2371 gratiae
708 2289 767 2363 dei,
785 2308 877 2370 quam
889 2290 1057 2370 perlesum
1070 2287 1230 2352 Christum
1241 2289 1401 2353 dominum

259 2397 401 2456 nostrum
421 2395 548 2476 pusillis
568 2395 755 2477 magnisque
774 2395 917 2478 largitur,
939 2395 1102 2459 scribendo
1124 2394 1285 2475 disputare
1300 2395 1401 2477 potui·

260 2519 343 2575 mus,
375 2519 458 2564 nunc
489 2501 569 2564 illud
603 2503 726 2582 oportet
758 2505 912 2577 excutere,
947 2501 1032 2582 quod
1063 2501 1208 2564 uolentes
1236 2501 1401 2564 haereseos

260 2608 366 2668 astute
380 2605 533 2669 inuidiam
550 2607 704 2670 declinare
721 2610 864 2670 asserunt
879 2609 983 2672 ‘istam
1000 2614 1123 2689 praeter
1138 2606 1211 2670 fidei
1225 2607 1399 2688 periculum
1421 2625 1447 2665 ro

261 2730 332 2774 essa
361 2713 603 2792 quaestionem':
637 2716 674 2774 ut
700 2713 860 2789 uidelicet,
885 2713 966 2776 siin
995 2699 1031 2776 ea
1063 2712 1178 2776 fuerint
1212 2714 1402 2777 exorbitasse

261 2817 409 2894 conuicti,
428 2836 488 2880 non
510 2818 721 2895 criminaliter,
743 2818 797 2881 sed
821 2820 912 2900 quasi
932 2819 1069 2882 ciuiliter
1087 2837 1206 2882 errasse
1226 2818 1401 2883 uideantur.

260 2923 307 2987 sic
332 2925 415 2986 enim
440 2923 616 2988 Caelestius
640 2924 723 3005 apud
748 2924 966 3008 Carthaginem
991 2925 1090 3007 gestis
1111 2925 1335 2989 ecclesiasticis
1355 2930 1404 2988 est

261 3030 404 3092 locutus:
425 3030 518 3106 ‘iam',
538 3030 650 3112 iuquit,
671 3030 719 3093 ‘de
738 3031 866 3094 traduce
886 3032 1009 3112 peccati
1029 3031 1100 3108 dixi,
1117 3031 1190 3112 quia
1203 3031 1283 3094 intra
1299 3031 1404 3095 catho-

259 3135 355 3198 licam
389 3137 579 3200 constitutos
612 3137 718 3217 plures
757 3137 864 3200 audiui
901 3137 1060 3200 destruere
1097 3155 1215 3201 necnon
1255 3139 1287 3200 et
1325 3137 1403 3201 alios
1424 3157 1449 3196 ra

262 3246 412 3318 astruere,
441 3242 516 3305 licet
540 3243 734 3323 quaestionis
759 3263 807 3307 res
832 3244 968 3321 sitista,
1002 3262 1062 3308 non
1086 3244 1236 3307 haeresis.
1268 3243 1402 3307 infantes

264 3367 387 3429 semper
410 3347 471 3410 dixi
496 3367 587 3431 egere
611 3349 768 3431 baptismo
798 3369 833 3414 ac
858 3350 969 3415 debere
992 3349 1154 3434 baptizari.
1184 3349 1259 3431 quid
1283 3349 1404 3431 quaerit

355 3608 498 3664 1410012
520 3611 560 3678 rr,
582 3611 614 3664 rc

301 3751 380 3803 luel
401 3756 472 3804 certe
492 3753 514 3803 si
535 3753 576 3804 bis
589 3769 651 3820 pos.
671 3752 698 3804 P
787 3754 909 3803 auctores
929 3751 970 3803 bia
985 3767 1044 3819 poe.
1065 3751 1092 3803 P
1180 3754 1195 3803 5
1216 3754 1363 3804 assortores
1386 3751 1408 3803 C

265 3839 408 3892 Vindiciis
427 3840 464 3891 M
533 3839 764 3908 8surgerentM
780 3839 992 3907 suggerenteV
1067 3837 1281 3890 crebescenteC
1351 3839 1406 3892 ioc-

265 3932 357 3980 tanter
379 3928 406 3980 V
457 3929 582 3980 9sumat
606 3928 631 3978 V
686 3929 717 3980 10
738 3944 796 3980 cum
816 3944 865 3980 cm.
891 3927 917 3977 V
970 3927 999 3978 ll
1022 3929 1139 3978 certetur
1163 3927 1187 3976 V
1244 3927 1276 3980 12
1296 3945 1406 3981 conuer-

265 4021 358 4080 taptur
380 4018 448 4070 chr
503 4019 534 4069 13
555 4017 672 4085 pernicie
691 4016 728 4067 M
782 4017 813 4068 14
833 4015 974 4068 etom.C
1028 4016 1059 4067 17
1079 4015 1213 4067 herrorem
1235 4015 1258 4067 G
1310 4017 1344 4069 20
1363 4033 1405 4069 as·

265 4110 325 4176 tute
348 4105 530 4158 Cinstitutae
549 4105 586 4156 M
652 4105 683 4156 21
705 4105 854 4156 exorbitare
873 4103 936 4154 MV
1004 4102 1037 4154 2¹2
1058 4119 1144 4154 errare
1164 4103 1199 4154 M
1266 4103 1299 4156 23
1319 4107 1406 4156 carta-

268 4194 405 4262 ginemT
467 4195 501 4246 al
520 4194 609 4246 radice
629 4211 662 4245 ru.
683 4192 744 4244 10
805 4194 838 4244 25
859 4191 1022 4243 constitutus
1042 4191 1106 4242 MV
1166 4191 1410 4260 ‘27baptismuM

267 4286 318 4338 hac
339 4282 362 4335 0
432 4281 497 4350 quid
516 4281 598 4334 inerit
617 4281 690 4334 aliud
709 4282 762 4332 iter
780 4280 831 4332 hoc
851 4279 919 4332 (lixit
937 4297 991 4347 sqq.
1017 4279 1041 4330 V
