3388 4946
286 347 352 412 204
643 347 670 399 S.
696 343 832 400 Aureli
857 343 1077 414 Augustini

285 540 423 605 iustos
447 542 486 604 ot
508 539 699 606 iniustoe.
724 539 783 605 hac
807 539 923 622 quippe
947 539 1091 605 bonitate
1111 541 1206 605 otiam
1225 541 1296 623 ipsa
1314 541 1436 606 nemina

285 646 443 711 benedixit
465 648 518 712 uel
540 645 753 711 benedicendo
778 646 955 713 constituit.
986 666 1082 729 quam
1105 647 1357 712 benedictionem
1382 664 1433 712 na·

286 757 375 818 turae
403 753 556 818 laudabili
585 753 678 836 culpa
708 751 895 816 damnabilis
924 771 984 816 non
1014 753 1141 832 ademit,
1170 772 1249 836 quae
1276 753 1351 818 licet
1380 773 1435 837 per

286 860 337 925 dei
360 860 520 943 punientis
543 858 701 924 iustitiam
724 859 873 935 uoluerit,
896 862 934 922 ut
957 859 1101 924 homines
1127 878 1199 924 cum
1224 861 1348 942 peccati
1376 861 1432 924 ori·

287 967 401 1050 pinalis
425 967 505 1030 uitio
533 967 745 1044 nascerentur,
775 984 837 1029 non
864 968 969 1032 tamen
997 966 1111 1043 ualuit,
1139 968 1177 1030 ut
1202 967 1345 1030 homines
1373 985 1433 1032 non
1465 992 1479 1031 a

286 1077 497 1148 nascerentur,
536 1073 620 1138 sicut
650 1072 682 1137 in
712 1071 791 1154 ipsis
824 1074 926 1136 aetate
958 1072 1130 1137 maioribus
1164 1073 1325 1156 quaelibet
1355 1074 1435 1136 uitia

286 1183 488 1264 peccatorum
511 1198 571 1243 non
596 1198 632 1243 cx
654 1179 780 1243 homine
803 1177 963 1242 bominem
981 1166 1109 1256 tollunt,
1130 1180 1185 1243 sad
1204 1182 1367 1262 permanet
1385 1179 1435 1243 dei

287 1306 368 1370 opus
390 1287 507 1350 bonum
532 1285 563 1350 iu
588 1285 851 1368 quantiscumque
874 1284 1148 1366 malis'inpiorum
1173 1286 1331 1368 operibus,
1363 1304 1432 1349 nam

282 1392 349 1457 atsi
376 1392 471 1456 bomo
499 1391 531 1455 in
560 1391 678 1456 honora
706 1391 830 1472 positus
860 1394 892 1454 et
921 1409 981 1454 non
1013 1390 1201 1476 intellegens
1235 1397 1434 1474 comparatur

287 1499 456 1582 pecoribus
481 1498 590 1579 eisque
614 1496 729 1562 similis
752 1497 798 1576 fit,
822 1517 884 1562 non
907 1499 1012 1560 tamen
1036 1517 1138 1578 usque
1158 1497 1234 1562 adeo
1254 1498 1368 1562 similis
1389 1500 1433 1576 fir,
1454 1521 1481 1564 m

287 1609 325 1671 ut
342 1623 440 1688 pecua
460 1605 512 1668 eit.
532 1606 732 1686 comparatur
749 1621 887 1684 namque
911 1603 1111 1686 pernitiam,
1131 1624 1191 1669 non
1210 1622 1266 1685 par
1280 1608 1432 1688 naturam,

287 1732 349 1778 non
371 1711 494 1795 peoorir
518 1710 609 1787 uitio,
633 1709 690 1774 sed
712 1712 852 1774 naturae.
876 1713 982 1774 tantae
1002 1729 1137 1792 namque
1161 1711 1362 1775 excellentiae
1385 1715 1434 1775 est

288 1820 319 1884 in
344 1817 577 1900 comparatione
599 1817 722 1900 pecoris
746 1815 852 1894 bomo,
876 1819 913 1880 ut
939 1816 1056 1880 uitium
1084 1815 1222 1880 hominis
1251 1821 1362 1882 natura
1391 1818 1434 1882 eit

288 1925 421 2010 pecoris,
450 1943 507 1991 nec
534 1928 639 1988 tamen
666 1923 737 1987 ideo
766 1926 877 1986 natura
904 1923 1042 1988 bominis
1065 1921 1098 1986 in
1126 1925 1272 1988 naturam
1298 1924 1435 1988 uertitur

288 2031 422 2114 pecoris,
451 2051 487 2095 ac
515 2049 570 2113 per·
597 2030 657 2093 hoc
685 2029 762 2093 deus
795 2029 955 2094 bominem
988 2029 1115 2093 damnat
1146 2033 1274 2112 propter
1305 2029 1431 2107 uitium,
1452 2055 1480 2096 aa

290 2157 351 2220 quo
375 2141 485 2202 natura
509 2137 745 2213 dehonestatur,
769 2153 830 2199 non
853 2137 982 2218 propter
999 2139 1154 2211 naturam,
1175 2155 1254 2218 quae
1272 2137 1353 2200 uitio
1372 2156 1432 2200 non

289 2244 442 2320 aufertur3
466 2245 586 2308 bestias
608 2261 684 2307 uero
713 2243 798 2306 absit
819 2246 857 2305 ut
885 2242 1050 2323 opinemur
1076 2261 1195 2325 poenae
1222 2243 1432 2308 damnationis

285 2350 449 2427 obnoxias,
473 2370 551 2433 quas
574 2351 697 2414 iustum
721 2351 771 2413 est
788 2350 826 2412 ut
843 2349 989 2413 miseriae
1008 2349 1073 2414 sint
1096 2353 1247 2432 expertes,
1272 2369 1352 2431 quaa
1376 2369 1433 2414 nec

288 2455 495 2521 beatitudinis
518 2460 653 2540 possunt
675 2475 745 2521 ense
768 2455 950 2539 participes.
975 2455 1052 2538 quid
1075 2475 1149 2540 ergo
1173 2457 1288 2520 miram
1309 2461 1358 2520 eat
1380 2458 1433 2519 uel

287 2563 443 2645 iniquum,
466 2566 504 2627 ut
525 2563 677 2627 inmundo
701 2562 827 2644 spiritui
851 2561 1006 2626 subdatur
1028 2562 1122 2626 homo
1146 2579 1208 2626 non
1231 2565 1359 2646 propter
1381 2581 1432 2625 na·
1452 2589 1480 2628 ao

288 2670 403 2747 turam,
432 2667 487 2732 aed
514 2671 642 2752 propter
667 2665 890 2732 inmunditiam
918 2685 1018 2744 suam,
1052 2686 1145 2749 quam
1178 2687 1238 2732 non
1272 2687 1307 2730 ex
1340 2687 1432 2750 opere

290 2773 408 2851 diuino,
433 2774 489 2838 sed
513 2793 548 2838 ex
575 2774 712 2838 hnmana
740 2771 906 2836 uoluntate
934 2773 1114 2837 uenientem
1143 2774 1175 2837 in
1204 2774 1334 2858 originis
1362 2775 1432 2838 labe

290 2881 454 2956 contraxit,
482 2900 553 2945 cum
584 2883 615 2944 et
643 2879 713 2961 ipse
746 2879 877 2968 spiritus
909 2878 1080 2944 inmundus
1113 2880 1228 2944 bonnm
1263 2880 1316 2955 sit,
1349 2879 1433 2962 qnod

290 2988 431 3070 spiritus„
463 2987 604 3063 malum.
627 2985 711 3067 quod
742 2985 934 3049 inmundus?
967 2985 1048 3049 illud
1080 2986 1197 3069 quippe
1229 2989 1278 3050 est
1311 3006 1346 3051 ex
1383 2986 1433 3050 dci

290 3113 393 3176 opere,
416 3095 476 3158 hoc
500 3113 536 3156 ex
559 3092 685 3175 propria
706 3091 881 3156 uoluntate.
904 3095 1017 3156 natura
1038 3092 1146 3175 itaqua
1174 3093 1294 3170 fortior,
1321 3093 1353 3156 id
1384 3097 1434 3157 eet
1451 3117 1480 3160 aa

289 3199 430 3283 angelica
455 3199 634 3264 inferiorem
653 3200 817 3276 naturam,
844 3197 877 3262 id
906 3201 956 3262 est
984 3199 1152 3264 humanam
1180 3199 1254 3263 uitii
1282 3199 1434 3264 societate

289 3306 449 3370 subditam
473 3308 570 3371 tenet.
593 3305 664 3369 ideo
688 3304 843 3369 mediator
866 3304 987 3389 angelis
1010 3305 1121 3370 fortior
1142 3306 1284 3370 infirmus
1307 3307 1434 3388 propter

288 3413 431 3478 homines
446 3413 550 3478 factus
566 3413 624 3490 eat,
643 3411 689 3476 sic
705 3411 852 3491 snperbia
865 3411 1071 3498 captiuatoris
1086 3412 1292 3496 redemptoris
1307 3411 1433 3476 humili-

378 3707 394 3760 9
414 3705 448 3760 cf.
467 3706 511 3758 Pa.
530 3705 574 3774 48,
595 3706 627 3759 13

324 3883 343 3936 4
359 3881 494 3935 iustitiam
512 3884 619 3936 tantum
640 3881 758 3935 ualuerit
781 3881 806 3933 V
875 3886 987 3951 peccato
1005 3883 1068 3937 Mo
1124 3884 1243 3939 euoluit
1261 3887 1293 3936 ut
1310 3883 1432 3937 homines

262 4027 265 4031 ,
287 3971 320 4024 in
337 3988 393 4026 rna.
412 3988 446 4024 m.
467 3975 486 4025 2
504 3971 539 4024 M
628 3970 776 4024 acuiliter
800 3970 826 4023 V
912 3973 928 4024 8
948 3973 1073 4041 operibus
1091 3972 1227 4042 inpiorum
1248 3971 1436 4026 Gt'bTPVbd

289 4058 406 4113 bonore
428 4059 451 4112 0
539 4059 664 4128 ilpecc'
686 4059 709 4111 O
808 4060 840 4111 14
859 4059 917 4128 nac]
938 4061 1011 4114 Haec
1034 4060 1075 4114 0.
1125 4061 1317 4130 nec-pecoris
1335 4077 1396 4114 orer.¹
1410 4061 1435 4108 V

291 4149 323 4202 18
343 4146 513 4201 riurano
582 4149 736 4216 inexpertes
760 4146 786 4199 V
844 4148 876 4200 19
896 4147 1012 4216 quodO
1064 4150 1099 4203 20
1118 4151 1159 4218 ut]
1180 4149 1250 4202 aiV
1321 4148 1437 4218 rpndP

289 4236 323 4290 27
343 4237 456 4305 angelus
480 4235 506 4288 V
574 4235 693 4289 infirmos
717 4233 743 4286 V
