3410 4952
318 319 381 382 298
670 313 697 368 S.
726 313 862 368 Aureli
889 315 1108 383 Augustini

318 509 418 591 gando
433 509 512 572 nihil
525 509 597 573 uult
610 527 768 572 remanere
782 509 865 572 unde
884 512 1050 590 peccatum
1069 509 1248 574 inueniatur
1266 509 1297 572 in
1316 511 1458 592 paruulo.

317 616 415 680 uerba
438 615 571 696 denique
593 616 657 678 iam
680 615 750 698 ipsa
774 617 841 679 eius
862 615 1010 680 adtende:
1030 621 1095 697 ‘per
1114 615 1190 697 quid
1208 616 1327 699 igitur',
1346 617 1458 699 inquit,

317 723 492 804 ‘peccatum
515 721 676 784 inuenitur
697 720 729 784 in
752 721 907 803 paruulo?
930 739 986 802 666
1008 721 1227 786 uoluntatem?
1251 723 1341 786 nulla
1362 723 1394 786 in
1423 741 1458 786 eo

318 828 389 891 fuit.
413 847 469 909 per
491 828 641 910 nuptias?
666 827 722 892 sed
744 828 803 891 hae
827 827 985 910 pertinent
1008 827 1047 890 ad
1071 845 1150 910 opus
1174 833 1350 910 parentum,
1380 848 1459 909 qnos

318 935 350 997 iu
373 935 433 998 hoc
457 937 530 998 actu
554 953 614 998 non
633 953 782 1016 peccasse
800 934 1018 1015 praemiseras
1039 933 1104 1012 sed,
1125 937 1277 1016 quantum
1297 953 1333 998 ex
1352 954 1460 999 conse·
1491 955 1503 994 6

319 1041 487 1122 quentibus
511 1041 649 1123 adparet,
674 1061 735 1106 non
758 1041 819 1104 hoc
837 1059 912 1105 uere
933 1059 1143 1106 concesseras.
1162 1041 1250 1124 ipsae
1270 1044 1344 1106 sunt
1361 1041 1461 1124 igitur

318 1147 762 1228 6666666166),166611,(6666
781 1165 910 1210 causam
928 1147 1069 1210 fecerunt
1086 1149 1192 1211 malo?
1213 1147 1268 1212 sed
1281 1147 1354 1211 11166
1374 1148 1460 1211 66166

319 1273 397 1336 6666
425 1254 568 1317 indicant
595 1272 807 1334 personarum.
836 1256 982 1335 parentes
1009 1253 1108 1336 igitur
1136 1254 1191 1335 qui
1219 1256 1378 1318 conuentu
1403 1272 1459 1317 666

319 1379 445 1424 causam
478 1360 579 1424 166666
611 1362 742 1441 6666616
775 1359 843 1423 1666
877 1358 1071 1423 damnabiles
1105 1365 1188 1424 6661.
1218 1359 1336 1443 ambigi
1365 1360 1459 1442 ergo',

317 1467 430 1548 inquit,
446 1467 518 1530 ‘iam
533 1485 594 1530 non
612 1469 729 1548 potest,
749 1467 777 1531 61
794 1470 883 1530 tuam
903 1485 1072 1550 sequamur
1091 1467 1289 1544 sententiam,
1309 1466 1459 1548 coniuges
1479 1486 1505 1526 10

319 1577 444 1638 aeterno
469 1573 625 1655 supplicio
650 1573 831 1655 mancipari,
857 1592 991 1654 quorum
1014 1573 1120 1637 labore
1145 1578 1250 1638 actum
1275 1576 1334 1649 661,
1358 1576 1395 1637 61
1421 1571 1460 1635 ad

320 1680 514 1744 dominatum
539 1680 743 1744 exercendum
768 1681 799 1743 in
823 1680 965 1744 homines
986 1680 1129 1744 diabolus
1148 1679 1335 1762 perueniret.
1356 1684 1387 1742 et
1406 1677 1461 1742 ubi

320 1790 377 1866 661,
401 1788 484 1868 quod
507 1789 601 1868 paulo
627 1791 699 1852 ante
722 1787 882 1851 hominem
907 1807 987 1869 opus
1012 1787 1063 1851 dei
1088 1788 1232 1852 dixeras?
1257 1787 1340 1869 quia,
1361 1786 1461 1866 siper

319 1895 472 1976 originem
508 1896 626 1958 malum
663 1895 696 1957 in
733 1894 924 1970 hominibus,
957 1914 1012 1974 per
1044 1895 1164 1957 malum
1196 1894 1246 1956 ius
1279 1892 1398 1956 diaboli
1429 1891 1462 1954 in

317 2001 471 2077 homines,
501 2000 662 2064 diabolum
690 2019 759 2064 6666
789 2001 866 2064 dicis
896 2005 1055 2065 auctorem
1084 2001 1260 2078 hominum,
1286 2018 1388 2080 6666
1413 1999 1505 2062 6616

319 2107 405 2190 origo
430 2106 640 2181 nascentium,
667 2106 693 2170 si
718 2109 823 2170 autern
843 2107 942 2172 eredis
963 2128 981 2170 e
1000 2107 1057 2171 deo
1076 2107 1235 2170 homiuem
1254 2106 1322 2170 fieri
1341 2110 1373 2169 61
1392 2124 1461 2169 6666

319 2213 469 2296 coniuges
493 2215 684 2290 innocentes,
708 2213 782 2277 uide
803 2232 896 2294 quam
922 2217 1004 2278 61666
1028 2233 1088 2277 666
1112 2214 1215 2294 666611
1236 2213 1320 2276 166161
1348 2232 1383 2276 er
1411 2213 1461 2275 bis

319 2319 470 2402 originale
492 2323 678 2402 peccatum'.

363 2426 417 2490 45.
432 2425 481 2490 Ad
496 2427 600 2490 omnia
612 2427 676 2490 ista
689 2426 763 2490 huic
782 2427 950 2508 respondet
969 2427 1143 2508 apostolus,
1159 2427 1214 2507 qui
1232 2445 1332 2508 66666
1350 2427 1461 2489 66166-

318 2533 416 2596 tatem
443 2531 547 2614 arguit
569 2532 706 2612 paruuli,
731 2551 810 2614 quae
832 2531 957 2614 propria
979 2533 1011 2595 in
1034 2532 1089 2596 illo
1108 2532 1246 2596 nondum
1266 2539 1316 2596 661
1335 2531 1374 2596 ad
1392 2549 1462 2613 pec·
1481 2551 1508 2591 ao

320 2638 465 2720 eandum,
490 2657 591 2718 neque
615 2639 752 2722 nuptias,
772 2639 804 2702 iu
824 2641 976 2720 quantum
995 2639 1122 2721 nuptiae
1142 2643 1226 2720 sunt,
1247 2657 1327 2720 6666
1346 2638 1463 2700 habent

319 2763 336 2806 6
365 2744 421 2808 deo
450 2763 511 2808 non
541 2745 645 2809 solum
672 2745 917 2822 institutionem,
945 2765 1057 2809 uerum
1082 2745 1176 2809 etiam
1199 2745 1461 2821 benedictionem,

318 2851 644 2932 6666666666166,16
665 2853 819 2932 quantum
837 2855 982 2932 parentes
1003 2855 1077 2915 sunt
1098 2851 1237 2914 inuicem
1260 2852 1348 2916 licite
1369 2857 1461 2932 61666

318 2956 459 3039 legitime
493 2957 532 3019 ad
564 2958 773 3037 procreandos
806 2957 888 3021 filios
927 2958 1097 3042 coniugati,
1141 2957 1197 3022 sed
1239 2978 1302 3040 per
1338 2976 1459 3034 unum,

318 3063 431 3143 inquit,
461 3063 648 3126 hominem
677 3067 871 3144 peccatum
901 3064 936 3126 in
966 3065 1062 3128 huno
1095 3064 1269 3128 mundum
1300 3064 1460 3128 intrauit
1479 3082 1504 3122 2⁵

407 3219 422 3270 2
443 3218 493 3288 Op.
512 3219 576 3288 imp.
591 3219 619 3272 11
634 3219 669 3272 24
689 3221 853 3288 (per-fuit)
890 3220 1049 3273 41161124
1065 3222 1352 3290 (666-6666616666)
1394 3223 1410 3275 8
1426 3221 1459 3276 cf.

316 3306 454 3360 1161124
510 3307 542 3360 19
563 3305 611 3375 Op.
632 3307 696 3375 imp.
716 3307 796 3361 1135
817 3306 972 3375 (Ad-299,
994 3309 1025 3361 11
1041 3313 1208 3376 6666616666
1228 3309 1310 3363 1138
1369 3310 1401 3363 21
1421 3311 1459 3364 ib.

316 3394 397 3450 1139
453 3395 487 3448 23
502 3394 538 3451 ib.
552 3394 580 3447 Il
595 3395 630 3448 40
685 3395 861 3449 241b.1144
881 3398 1042 3465 (666-299,
1057 3399 1278 3465 2666666661)
1294 3399 1370 3451 Rom.
1385 3401 1411 3461 5,
1428 3399 1459 3451 12

352 3503 440 3555 diam
460 3501 576 3571 denique
595 3501 622 3553 Β
675 3502 762 3572 41166
780 3503 839 3556 ΡΝ
894 3504 1089 3573 56666666666
1111 3505 1250 3559 ΤΕΚΡΝ
1321 3505 1459 3574 sequenti·

315 3591 366 3645 bue
390 3591 416 3644 V
467 3591 564 3660 6666]
585 3591 613 3642 16
631 3590 769 3660 BSWAp
823 3591 878 3644 sint
896 3608 923 3644 m
986 3591 1148 3646 execrandae
1167 3592 1252 3662 igitur
1269 3593 1296 3645 Β
1351 3596 1459 3647 16666-

315 3677 434 3746 grandae
457 3678 482 3730 Τ
538 3677 637 3731 malie
660 3677 764 3732 Omali
782 3684 830 3734 cet.
889 3679 1030 3748 96666611
1048 3680 1075 3732 A
1134 3683 1197 3732 sunt
1215 3696 1265 3733 66.
1290 3679 1463 3734 ΤΒΚΒΡΜ

316 3766 423 3838 SWAp
460 3767 493 3820 10
512 3784 566 3820 non
585 3767 680 3820 ormF
731 3766 1075 3836 sententiaKpotentiem
1092 3769 1195 3822 m.1B
1233 3770 1265 3822 13
1284 3772 1348 3821 ante
1367 3786 1418 3823 om.
1437 3767 1463 3821 T

317 3856 393 3924 quasi
415 3857 466 3909 TA
540 3857 573 3910 14
593 3855 724 3925 originale
742 3855 772 3908 Ε
832 3857 863 3910 15
884 3872 942 3908 6666
961 3872 1012 3910 om.
1031 3857 1061 3908 E
1119 3858 1151 3911 16
1170 3857 1292 3910 homines
1310 3857 1461 3911 MSWAm

316 3961 407 3998 omnes
425 3945 547 3998 homines
566 3945 594 3998 Β
676 3945 708 3998 19
727 3944 868 4014 respondit
890 3944 1026 3998 OFKRP
1100 3944 1134 3999 20
1153 3945 1259 4014 6666611
1278 3943 1463 4015 6166666110

315 4031 460 4086 2261166Ρ
521 4032 751 4101 231666661666
772 4033 950 4101 inquantum
969 4033 1001 4086 K
1070 4037 1196 4103 parentes
1216 4050 1265 4087 om.
1285 4035 1312 4087 A
1385 4033 1459 4088 licite

315 4121 432 4174 inuicem
450 4122 480 4175 N
525 4122 560 4174 24
578 4121 767 4190 propagandos
785 4121 813 4174 A
876 4121 1030 4190 coniugatis
1053 4121 1251 4190 Oconiugatos
1270 4121 1301 4175 Β
1343 4123 1376 4176 25
1396 4137 1459 4190 pec-

316 4212 404 4263 catum
423 4210 486 4263 intr.
506 4211 534 4262 in
553 4209 579 4262 h.
599 4227 634 4263 m.
649 4209 799 4264 KPWAm
818 4211 932 4263 intrauit
950 4227 977 4278 p.
995 4211 1023 4264 in
1042 4211 1068 4264 h.
1088 4228 1122 4264 nr.
1139 4210 1220 4279 ΒΜμ
1282 4211 1353 4264 huno
1368 4227 1418 4264 om.
1437 4211 1462 4263 Τ
