3396 4932
574 1115 966 1226 PRAEFATIO.

245 1435 321 1533 Hoc
341 1470 502 1534 uolumine
523 1490 546 1534 s.
566 1471 674 1534 Aureli
693 1472 865 1555 Augustini
884 1472 957 1536 libri
977 1473 1013 1536 de
1033 1474 1225 1555 perfectione
1248 1477 1343 1541 iusti-

200 1577 263 1639 tiae
283 1575 431 1654 hominis,
454 1575 490 1639 de
510 1577 610 1659 gestis
630 1577 762 1659 Pelagii,
784 1577 821 1640 de
842 1579 942 1660 gratia
962 1578 1081 1643 Christi
1102 1581 1189 1644 etde
1213 1589 1342 1662 peccato

202 1682 357 1764 originali,
382 1681 419 1744 de
444 1683 563 1764 nuptiis
589 1687 620 1746 et
644 1684 901 1764 concupiscentia
925 1685 1133 1752 continentur.

248 1789 291 1851 ux
316 1789 432 1870 quibus
455 1789 572 1852 librum
598 1791 641 1852 de
666 1791 922 1872 perfectione
947 1791 1140 1857 iustitiae
1165 1795 1342 1858 hominis

201 1896 402 1976 Augustinus
441 1915 467 1960 a.
506 1898 570 1958 415
609 1897 749 1960 condidit
785 1898 936 1979 Eutropio
977 1902 1008 1961 11
1044 1899 1143 1963 Paulo
1187 1901 1343 1983 episcopis

201 2002 382 2084 petentibus
403 2005 439 2064 ut
459 2002 693 2066 definitionibus
714 2004 782 2066 siue
803 2003 951 2067 anlestii
971 2005 1038 2068 siue
1059 2006 1140 2069 alius
1162 2007 1253 2070 cuius
1275 2009 1344 2071 eius

203 2110 307 2171 sectae
336 2109 414 2170 socii
448 2113 543 2185 erant,
575 2129 652 2190 quas
687 2109 714 2172 ei
746 2109 778 2171 in
813 2110 955 2174 chartula
987 2111 1122 2192 quadam
1154 2113 1345 2194 perscriptas

203 2215 364 2289 dederunt,
398 2215 608 2295 responderet.
642 2235 677 2278 ac
709 2215 847 2296 primum
881 2217 1021 2298 singulas
1060 2217 1256 2282 definitiones
1293 2221 1346 2282 uel

202 2321 309 2404 potins
338 2321 601 2394 ratiocinationes,
634 2322 748 2402 quibus
779 2321 954 2386 Caelestius
988 2343 1081 2404 posse
1114 2325 1284 2403 hominem,
1319 2326 1345 2388 si

203 2428 311 2501 uellet,
336 2426 387 2488 hic
411 2426 476 2488 sine
496 2429 624 2506 peccato
650 2447 719 2490 1111
749 2427 927 2506 definiebat,
957 2429 1105 2493 distincte
1135 2431 1270 2494 concisis
1299 2451 1344 2494 re-

204 2534 328 2616 sponsis
347 2533 473 2596 refellit.
495 2533 606 2596 deinde
624 2535 729 2617 pergit
748 2535 951 2598 auctoritates
970 2535 1047 2598 item
1071 2536 1102 2597 in
1127 2536 1181 2599 illa
1205 2537 1347 2600 chartula

203 2641 341 2724 prolatas
362 2639 548 2720 disceptare,
570 2659 701 2720 quarum
722 2641 792 2704 aliis
812 2642 932 2704 homini
952 2646 988 2706 ut
1010 2642 1169 2722 perfectus
1195 2645 1238 2708 sit
1260 2664 1346 2726 prae·

205 2747 331 2828 cipitur,
357 2746 427 2808 aliis
456 2765 517 2808 non
546 2766 615 2809 esse
644 2748 754 2829 grauia
782 2747 831 2810 dci
860 2748 1007 2810 mandata
1034 2751 1238 2825 monstratur,
1268 2751 1346 2813 aliae

205 2853 364 2916 doctrinae
387 2852 460 2914 fidei
484 2851 656 2916 'contrariae
681 2873 750 2916 esse
775 2859 998 2936 coarguuntur.

248 2959 341 3021 Liber
361 2959 404 3021 de
429 2959 560 3041 gestis
580 2959 741 3041 Pelagii
766 2980 792 3025 a.
818 2962 880 3023 417
907 2961 1058 3042 uulgatus
1083 2965 1141 3026 est.
1167 2963 1346 3026 cumcuim

205 3066 306 3130 Heros
323 3065 498 3128 etLazarus
515 3065 655 3146 episcopi
671 3066 804 3148 Eulogio
822 3067 970 3147 episcopo
988 3067 1188 3130 Caesareensi
1204 3068 1346 3131 libellum

206 3176 313 3236 contra
332 3171 497 3253 Pelagium
517 3171 688 3244 dedissent,
710 3191 770 3252 qno
791 3171 891 3234 multa
916 3191 951 3234 ex
976 3173 1043 3236 cius
1068 3173 1195 3253 scriptis
1220 3175 1349 3255 sumpta

207 3281 355 3362 dogmata
377 3277 457 3340 falsa
482 3297 550 3340 esse
574 3278 796 3360 probauerunt,
821 3277 872 3340 hic
896 3278 935 3340 ad
964 3283 1154 3342 conuentum
1185 3283 1346 3358 quattuor-

206 3386 308 3449 decim
329 3384 548 3466 episooporum
573 3402 652 3446 anno
677 3385 741 3446 415
766 3383 797 3446 11
821 3384 897 3446 urbe
918 3385 1062 3466 Diaspoli
1085 3384 1230 3447 habitum
1254 3387 1291 3446 ut
1314 3403 1348 3447 11

205 3494 356 3575 purgaret
380 3491 496 3554 citatus
521 3493 579 3554 est.
603 3491 648 3554 ibi
667 3490 815 3573 Pelagius
840 3491 885 3554 ita
910 3509 1036 3554 causam
1063 3491 1149 3567 dixit,
1179 3493 1215 3553 ut
1246 3491 1348 3553 obiee-

205 3605 311 3664 torum
336 3599 396 3661 sibi
421 3599 482 3661 alia
511 3599 624 3661 callide
650 3598 894 3678 interpretanda,
924 3599 984 3661 alia
1013 3599 1170 3680 dogmatis
1200 3598 1250 3660 sui
1279 3617 1349 3660 esse

206 3705 359 3790 negando,
384 3705 444 3768 alia
468 3704 695 3768 anathemando
721 3704 896 3767 catholicus
921 3705 1143 3786 pronuntiatus
1174 3705 1226 3767 sit.
1255 3723 1349 3784 quam

208 3813 421 3877 defensionem
455 3812 486 3874 in
520 3811 660 3874 chartula
693 3811 826 3891 quadam
861 3813 1010 3893 scriptam
1038 3811 1218 3894 Augustino
1251 3809 1349 3872 misit.

209 3940 280 3984 curn
304 3938 378 3982 uero
408 3921 498 4001 gesta
525 3918 613 3980 illius
643 3916 753 3999 synodi
785 3917 815 3978 in
844 3936 956 3980 manus
981 3917 1153 3999 Augustini
1176 3914 1348 3991 1111111111,

207 4028 289 4090 11111
313 4029 478 4104 utramque
504 4023 715 4086 defensionem
736 4022 977 4104 discrepantiam
999 4042 1068 4086 esse
1087 4022 1138 4085 hic
1157 4021 1296 4103 repperit
1320 4023 1351 4083 et

208 4134 287 4196 lilrro
318 4131 362 4194 de
386 4130 517 4214 gestis
546 4129 706 4211 Pelagii
735 4129 877 4210 singulos
907 4149 1026 4193 errores
1059 4127 1263 4210 inquirendos
1297 4147 1350 4209 ag-

209 4258 337 4321 gressus
357 4238 452 4302 ctiam
475 4240 549 4318 post
571 4236 804 4300 absolutionem
829 4237 967 4300 haeresis
993 4234 1189 4316 suspiciones
1214 4232 1350 4297 residere

236 4381 341 4420 xxxxn
354 4379 412 4426 Aug.
428 4381 486 4419 Sect.
502 4379 558 4417 VIll
572 4387 624 4425 pars
639 4377 669 4415 11.
1300 4373 1315 4407 a
