3388 4946
423 343 464 398 de
492 345 650 414 nuptiis
679 348 716 398 et
744 343 1080 414 concupiscentia
1106 343 1121 398 I
1149 341 1252 398 16-17
1344 345 1408 409 229

261 559 354 622 pus,
397 541 441 602 ut
484 539 647 604 uacetis
696 538 876 604 orationi
924 541 963 602 et
1002 539 1152 602 iterum
1194 538 1239 602 ad
1274 539 1409 620 ipsum

262 649 406 725 estote,
444 665 489 710 ne
526 665 598 713 uos
640 647 816 727 temptet
857 647 1022 710 satanas
1064 648 1230 727 propter
1270 645 1409 708 intem-

262 752 488 836 perantiam
516 756 707 818 uestram.
737 751 809 816 hoc
834 754 966 816 autem
991 751 1080 816 dico
1105 751 1325 816 secundum
1349 769 1410 814 ue-

261 859 376 937 niam,
405 877 480 922 non
510 858 729 923 secundum
757 859 980 942 imperium.
1009 858 1065 923 ubi
1092 877 1167 942 ergo
1191 857 1286 922 nenia
1309 857 1411 922 danda

230 970 322 1042 nest,
356 965 476 1048 aliquid
504 983 574 1030 esse
603 966 714 1048 culpae
742 966 830 1030 nulla
857 965 977 1030 ratione
1005 965 1182 1049 negabitur.
1211 984 1283 1030 cum
1311 965 1411 1048 igitur

261 1072 430 1155 culpabilis
449 1091 510 1136 non
530 1072 573 1136 sit
593 1072 762 1156 generandi
785 1072 958 1136 intentione
983 1072 1182 1150 concubitus,
1208 1071 1262 1154 qui
1285 1071 1409 1154 proprie

261 1179 381 1261 nuptiis
404 1178 598 1262 inputandus
623 1182 681 1257 est,
715 1178 791 1262 quid
815 1179 989 1243 secundum
1012 1179 1139 1243 ueniam
1168 1179 1311 1246 concedit
1338 1198 1409 1262 apo-

262 1284 375 1360 stolus,
400 1283 461 1348 nisi
485 1284 569 1366 quod
594 1284 755 1368 coniuges,
781 1284 857 1348 dam
881 1303 914 1348 se
938 1305 999 1376 non
1019 1285 1188 1362 continent,
1210 1285 1350 1349 debitum
1371 1285 1409 1349 ab

262 1391 412 1456 alterutro
437 1391 539 1454 carnis
569 1394 743 1473 exposcunt
772 1409 833 1456 non
857 1393 1022 1456 uoluntate
1045 1392 1236 1476 propaginis,
1261 1391 1316 1456 aed
1339 1391 1410 1456 libi·

217 1523 244 1564 ao
263 1495 345 1561 dinis
378 1497 566 1579 uoluptate?
600 1517 681 1580 quae
713 1499 819 1562 tamen
851 1499 1000 1580 uoluptas
1034 1518 1095 1564 non
1127 1502 1255 1582 propter
1282 1497 1409 1581 nuptias

262 1603 347 1668 cadit
368 1603 401 1667 in
426 1605 563 1688 eulpam,
589 1605 645 1670 sed
667 1607 795 1687 propter
817 1605 945 1688 nuptias
969 1605 1084 1688 accipit
1106 1605 1242 1670 ueniam.
1263 1605 1410 1686 quocirca

262 1709 356 1774 etiam
387 1710 459 1774 binc
487 1715 563 1776 sunt
589 1711 766 1776 laudabiles
795 1711 935 1802 nuptiae,
967 1712 1041 1793 quia
1072 1715 1104 1776 et
1125 1711 1216 1789 illud,
1240 1711 1324 1792 quod
1347 1730 1408 1775 non

260 1817 397 1898 pertinet
427 1819 466 1884 ad
493 1837 537 1897 se,
565 1819 688 1902 ignosci
714 1818 836 1883 faciunt
861 1822 990 1901 propter
1013 1838 1055 1884 se.
1081 1819 1286 1900 nequeenim
1313 1817 1408 1880 etiam

260 1923 322 1987 iste
356 1924 554 2003 cunctabitur,
586 1941 648 2006 quo
678 1905 816 1988 seruitur
844 1925 1127 2006 concupiscentiae,
1156 1925 1202 1988 sic
1230 1924 1344 2008 agitur,
1372 1927 1409 1987 ut

217 2055 244 2096 ro
260 2027 440 2112 inpediatur
456 2029 551 2108 fetus,
576 2049 669 2110 quem
693 2030 857 2116 postulant
879 2032 1017 2114 nuptiae.

305 2135 373 2200 XV.
409 2136 458 2200 17.
493 2135 555 2200 Sed
586 2139 692 2200 tamen
725 2136 812 2200 aliud
844 2140 892 2202 est
925 2157 985 2202 non
1016 2137 1223 2202 concumbere
1251 2137 1312 2202 nisi
1341 2137 1408 2202 sola

160 2231 163 2236 ’
262 2244 427 2310 uoluntate
465 2244 643 2327 generandi,
681 2244 765 2326 quod
797 2263 858 2308 non
891 2244 986 2309 habet
1019 2247 1155 2328 culpam,
1189 2243 1275 2308 aliud
1307 2245 1407 2309 carnis

262 2351 499 2416 concumbendo
524 2351 671 2433 adpetere
686 2352 904 2442 uoluptatem,
930 2351 986 2416 sed
1009 2371 1069 2416 non
1088 2355 1213 2434 praeter
1230 2351 1407 2435 coniugem,

262 2457 347 2540 quod
370 2458 525 2522 uenialem
546 2458 642 2523 babet
660 2459 796 2540 culpam,
817 2459 900 2541 quia,
920 2458 980 2522 etsi
998 2479 1059 2523 non
1078 2477 1174 2523 causa
1191 2458 1409 2541 propagandae

216 2584 244 2626 ao
261 2564 359 2646 prolis
384 2564 612 2641 concumbitur,
637 2584 698 2630 non
722 2568 827 2628 tamen
851 2561 947 2630 huius
971 2563 1111 2630 libidinis
1136 2583 1233 2629 causa
1257 2582 1408 2647 propaga-

261 2671 340 2735 tioni
367 2671 465 2756 prolis
495 2672 663 2736 obsist'tur
691 2672 759 2736 siue
788 2674 863 2736 uoto
892 2673 975 2735 malo
1005 2671 1073 2736 siue
1102 2689 1194 2754 opere
1216 2671 1311 2736 malo.
1336 2688 1408 2734 nam

263 2779 316 2859 qui
347 2779 407 2843 hoc
438 2777 560 2842 faciunt
593 2779 738 2860 quamuis
771 2780 927 2842 uocentur
959 2777 1119 2862 coniuges,
1153 2796 1213 2842 non
1246 2779 1322 2840 sunt
1351 2795 1408 2842 nec

262 2885 359 2949 ullam
398 2884 579 2965 nuptiarum
617 2885 753 2948 retinent
788 2884 968 2961 ueritatem,
1006 2883 1062 2948 sed
1094 2884 1261 2948 honestum
1294 2902 1408 2947 nomen

261 2990 414 3054 uelandee
442 2990 631 3073 turpitudini
660 2990 845 3055 obtendunt.
877 2990 1053 3073 produntur
1083 2993 1188 3053 autem
1216 2989 1339 3071 quaudo
1371 3009 1406 3054 eo

217 3116 245 3158 aa
261 3115 363 3178 usque
386 3095 639 3179 progrediuntur,
665 3100 701 3161 ut
724 3100 877 3178 exponant
899 3097 992 3174 filios,
1018 3096 1072 3178 qni
1095 3099 1268 3160 nascuntur
1284 3095 1406 3160 inuitis.

352 3357 384 3410 16
404 3372 426 3410 c.
445 3355 496 3410 lul.
515 3356 573 3411 Pel.
594 3356 616 3409 V
635 3357 669 3410 63
688 3357 850 3442 (uliud—19
870 3357 989 3423 culpam)

299 3532 311 3586 1
333 3529 367 3584 ad
385 3529 415 3583 id
432 3531 522 3600 ipsum
544 3531 662 3584 TVPbd
683 3529 711 3583 id
734 3530 822 3600 ipsum
845 3529 885 3598 (id
904 3548 925 3585 a.
946 3529 990 3597 all)
1008 3532 1036 3584 B
1143 3531 1159 3583 2
1182 3529 1407 3584 incontinentiam

261 3618 410 3690 MWAmp
482 3620 612 3689 5culpae
631 3619 731 3672 esseS
806 3619 966 3688 dpropriae
984 3619 1018 3672 K
1032 3623 1175 3689 propterea
1192 3619 1221 3674 R
1293 3618 1405 3689 lquid]

262 3707 359 3778 qniaS
392 3707 596 3778 9propagandi
613 3707 641 3759 P
677 3707 917 3761 lancinatores
986 3708 1160 3762 uoluntasT
1210 3709 1240 3764 11
1261 3708 1359 3778 nuptia
1376 3707 1409 3761 K

264 3799 296 3852 13
315 3797 421 3867 ignusci
438 3797 472 3850 K
540 3797 611 3850 enirn
631 3813 681 3854 om.
700 3796 731 3851 Ε
806 3797 838 3850 15
857 3795 1048 3866 impleaturO
1117 3797 1205 3852 foetus
1227 3797 1250 3852 0
1266 3798 1338 3870 fotus
1357 3797 1407 3868 Kp

261 3887 403 3956 postulent
420 3886 454 3939 K
507 3886 538 3938 17
558 3884 700 3954 uoluptate
718 3885 745 3937 A
801 3883 876 3937 aliud
895 3888 984 3938 autern
1008 3883 1236 3939 TKRVPaliud
1255 3888 1406 3940 astantem

262 3973 295 4028 N
346 3973 434 4027 carnis
454 3971 562 4044 quidem
585 3971 697 4026 TKPN
746 3973 778 4027 18
798 3972 966 4025 uoluntatem
990 3973 1015 4025 Τ
1067 3989 1174 4026 uxorem
1193 3974 1220 4029 R
1270 3977 1304 4030 19
1323 3989 1405 4042 gene·

261 4061 361 4116 rendae
380 4063 416 4116 M
420 4061 500 4134 me
590 4061 786 4116 accusaretur
808 4061 833 4114 Τ
912 4062 1109 4132 propagatione
1130 4061 1408 4133 Opropagacionns

261 4151 295 4205 21
315 4153 409 4205 uotum
427 4167 461 4205 aa.
481 4149 542 4203 10
584 4149 618 4203 22
637 4150 688 4204 hoc
707 4149 754 4219 qui
772 4149 803 4204 Ε
855 4150 902 4218 qui
920 4166 970 4207 ona.
990 4149 1023 4203 K
1065 4151 1100 4204 23
1118 4151 1223 4205 ullaK
1265 4154 1299 4206 24
1318 4155 1405 4224 turpi·

262 4240 365 4294 tudinis
384 4241 414 4295 E
484 4240 668 4309 obtentuntp
892 4273 894 4275 -
