3382 4924
608 352 649 405 de
678 353 810 420 gratia
839 351 995 406 Christi
1315 359 1375 423 127

231 547 329 612 libero
363 547 502 624 arbitrio,
537 566 670 628 quorum
703 547 896 611 mentionem
929 548 1007 612 facit
1038 548 1069 611 in
1103 548 1248 630 epistula,
1283 570 1376 632 quam

231 653 363 717 Romam
392 653 490 728 misit,
524 653 604 716 nihil
630 653 714 716 alind
744 655 859 718 sentire
886 656 1080 718 monstratur
1107 673 1201 735 quam
1232 655 1266 717 id
1294 657 1378 737 quod

231 759 398 824 damnasse
429 759 606 824 uidebatur.
644 779 716 846 nam
748 761 881 844 gratiam
919 760 968 824 dei
1006 762 1038 823 et
1074 760 1276 842 adiutorium,
1314 781 1376 842 quo

232 866 420 929 adiunamur
447 866 486 928 ad
514 884 574 929 non
603 866 804 947 peccandum,
838 869 893 930 aut
920 867 951 930 in
977 869 1088 931 natura
1112 870 1144 930 et
1165 866 1264 932 libero
1288 868 1377 949 ponit

199 972 360 1036 sarbitrio
385 976 440 1036 aut
462 973 494 1035 in
517 973 588 1056 lage
613 979 706 1053 atque
731 973 882 1048 doctrina,
907 976 943 1036 nt
967 972 1126 1052 uidelicet,
1152 992 1224 1036 oum
1244 973 1376 1037 adiuuat

231 1079 307 1142 deus
327 1079 496 1156 hominem,
516 1082 553 1142 ut
577 1078 741 1142 declinet
766 1098 783 1141 a
806 1079 905 1142 malo
926 1081 962 1142 et
980 1078 1099 1142 faciat
1117 1079 1264 1156 bonum,
1288 1099 1375 1144 reus-

230 1185 323 1250 lando
352 1189 383 1250 et
412 1185 604 1249 ostendendo
630 1185 705 1266 qnid
728 1184 795 1248 fieri
819 1185 932 1248 debeat
955 1185 1105 1248 adiuuare
1129 1185 1282 1261 credatur,
1315 1205 1374 1250 non

230 1293 326 1355 etiam
346 1291 542 1378 cooperando
566 1293 597 1355 ot
621 1291 822 1355 dilectionem
840 1291 1031 1373 inspirando,
1052 1298 1089 1355 ut
1107 1293 1140 1355 id
1159 1293 1243 1374 quod
1261 1292 1375 1355 tacien-

230 1397 305 1461 dum
329 1416 399 1460 esse
422 1397 607 1480 cognouerit
628 1397 732 1462 faeiat.

186 1521 213 1561 ro
276 1504 304 1566 4.
328 1503 410 1567 Nam
434 1523 505 1567 cnm
529 1503 590 1566 tria
614 1503 787 1568 oonst'tuat
806 1506 900 1584 atque
920 1504 1106 1587 distinguat,
1133 1503 1247 1585 quibus
1268 1505 1373 1568 diuina

229 1609 377 1672 mandata
396 1609 473 1673 dioit
492 1610 618 1692 inpleri:
643 1610 898 1690 possibilitatem,
922 1612 1129 1686 uoluntatem,
1155 1609 1309 1673 actionem
1330 1649 1373 1656 -

228 1715 472 1797 possibilitatem
502 1716 633 1792 scilicet,
669 1735 731 1797 qna
757 1719 864 1797 potest
891 1717 985 1780 homo
1014 1735 1083 1780 esse
1112 1715 1229 1792 iustus
1263 1719 1373 1780 nolun-

227 1823 338 1896 tatem,
372 1841 432 1902 qua
465 1824 537 1886 uult
569 1841 638 1886 esse
670 1823 788 1894 iustus,
822 1823 987 1900 actionem,
1021 1842 1082 1904 qua
1114 1823 1218 1886 iustus
1250 1827 1298 1887 ast
1329 1861 1368 1868 —

227 1927 341 1991 horum
364 1928 461 1992 trium
484 1930 632 2012 primum,
665 1929 698 1991 id
727 1932 775 1992 est
803 1929 1051 2010 possibilitatem
1075 1929 1182 1992 datam
1207 1929 1373 1994 confitetur

183 2049 246 2096 isa
269 2036 407 2098 oreatore
431 2039 559 2099 naturae
583 2055 640 2098 neo
665 2055 734 2099 osse
758 2036 788 2098 in
813 2038 920 2098 nostra
946 2038 1115 2116 potestate,
1141 2035 1197 2100 sed
1221 2055 1288 2099 eam
1313 2055 1370 2101 nos

226 2139 350 2219 habere,
375 2141 500 2204 etiamsi
523 2142 672 2218 nolimus,
701 2141 762 2206 duo
787 2161 861 2205 uero
885 2142 1017 2223 reliqua,
1044 2143 1078 2205 id
1102 2146 1151 2206 est
1173 2144 1371 2207 uoluntatem

228 2248 259 2308 et
287 2247 442 2312 actionem
469 2251 577 2311 nostra
604 2267 673 2312 esse
707 2248 820 2312 asserit
852 2251 946 2329 atque
978 2248 1023 2312 ita
1055 2249 1146 2312 nobis
1178 2249 1301 2327 tribuit,
1334 2254 1371 2314 ut

226 2353 351 2417 nonnisi
376 2374 392 2418 a
420 2355 511 2418 nobis
541 2373 611 2418 esso
639 2354 814 2418 contendat.
848 2354 982 2436 denique
1012 2355 1112 2437 gratia
1141 2354 1190 2418 dei
1219 2375 1279 2421 non
1308 2356 1371 2420 ista

227 2459 299 2537 duo,
334 2481 414 2542 quae
446 2463 555 2526 nostra
588 2461 713 2525 omnino
746 2460 818 2524 uult
850 2479 930 2539 esse,
963 2459 995 2524 id
1028 2465 1077 2524 est
1109 2461 1306 2525 uoluntatem
1340 2467 1371 2525 et

181 2586 209 2626 ao
227 2568 393 2645 actionem,
418 2568 475 2631 sed
496 2568 596 2644 illam,
622 2587 700 2650 quae
723 2567 754 2630 in
775 2570 935 2649 potestate
955 2570 1063 2632 nostra
1081 2587 1142 2630 non
1162 2570 1211 2630 est
1230 2570 1261 2630 et
1279 2567 1369 2632 nobis

226 2693 262 2736 ex
286 2674 343 2738 deo
368 2677 426 2753 est,
455 2673 488 2737 id
511 2677 561 2739 est
582 2674 839 2756 possibilitatem,
863 2673 1008 2756 perhibet
1031 2673 1185 2751 adiuuari,
1208 2676 1370 2756 tamquam

224 2778 281 2842 illa
313 2798 393 2860 qnae
426 2783 533 2844 nostra
562 2783 646 2857 sunt,
678 2780 737 2843 hoo
771 2783 819 2843 est
847 2780 998 2844 uoluntas
1023 2781 1060 2862 et
1088 2779 1181 2858 antid,
1213 2781 1279 2844 tam
1308 2780 1370 2844 sint

224 2884 365 2948 ualentia
398 2885 436 2949 ad
469 2886 689 2950 declinandum
723 2904 741 2948 1
772 2887 855 2950 malo
889 2888 921 2949 et
952 2886 1130 2956 faciendum
1167 2885 1296 2962 bonum,
1333 2889 1370 2950 nt

225 2990 332 3055 diuino
357 2992 512 3057 adiutorio
536 3012 597 3056 non
620 2993 793 3075 indigeant,
817 2993 898 3056 illnd
921 3011 1007 3068 uero,
1033 2993 1117 3074 qnod
1139 2992 1229 3057 nobis
1255 3013 1291 3056 en
1311 2992 1368 3058 deo

179 3117 206 3158 ss
225 3101 284 3174 est,
314 3098 373 3162 hoo
398 3099 440 3162 sit
462 3075 648 3175 inualidum,
677 3099 710 3163 id
734 3103 783 3165 est
806 3100 1015 3182 possibilitas
1044 3103 1081 3162 ut
1104 3119 1227 3181 semper
1251 3100 1368 3183 gratiae

225 3205 394 3268 adiuuetnr
417 3205 541 3270 anxilio.

268 3311 341 3374 IIII.
368 3312 397 3374 5.
424 3311 486 3376 Sed
505 3331 543 3375 ne
563 3313 634 3394 quis
653 3313 785 3376 forsitan
810 3312 896 3376 dicat
918 3331 974 3376 nos
994 3313 1047 3376 uel
1065 3331 1125 3376 non
1144 3316 1228 3376 recte
1247 3314 1368 3378 intelle-

223 3436 297 3499 gere
321 3437 400 3498 quae
423 3417 566 3500 loquitur
588 3420 641 3482 uel
665 3419 821 3482 maleuolo
846 3418 949 3481 animo
969 3418 1001 3481 in
1021 3418 1119 3481 alium
1138 3437 1265 3482 sensnm
1287 3438 1367 3499 quae

222 3542 283 3586 non
306 3522 351 3586 ita
375 3523 460 3587 diota
484 3526 558 3587 sunt
581 3528 714 3601 uertere,
739 3524 808 3605 ipsa
830 3523 894 3586 iam
913 3525 1011 3588 uerba
1030 3524 1098 3586 eius
1118 3525 1259 3606 accipite.
1281 3527 1366 3589 ‘nos'.

177 3647 204 3686 eo
221 3628 335 3710 inquit,
355 3630 412 3693 ‘sio
435 3629 496 3694 tria
518 3630 581 3694 ista
605 3629 831 3714 distinguimus
857 3633 888 3694 et
913 3633 1033 3694 eertum
1057 3631 1149 3694 uelut
1172 3630 1202 3692 in
1228 3630 1366 3694 ordinem

311 3785 450 3838 61Petr.
470 3786 495 3852 3,
516 3785 546 3838 11
568 3785 611 3853 (ef.
630 3785 675 3838 Ps.
696 3786 738 3848 33,
761 3787 806 3849 15;
826 3786 868 3852 36,
889 3786 934 3851 27)

256 3890 321 3944 4in
338 3889 469 3943 liberoC
556 3891 744 3946 ddeelinatb
851 3892 935 3944 faeiat
953 3909 1004 3947 om.
1028 3892 1054 3943 V
1141 3891 1174 3945 10
1194 3891 1368 3961 distingatC

223 3979 254 4032 11
276 3982 304 4032 et
323 3979 456 4033 actionem
476 3980 491 4033 b
557 3981 590 4034 14
609 3981 753 4034 confitetur
772 3981 863 4034 datam
885 3980 907 4034 0
970 3981 1002 4034 16
1022 3979 1146 4032 nolumus
1165 3980 1181 4033 b
1237 3981 1268 4034 17
1288 3980 1366 4034 nobis

220 4067 306 4121 1110
394 4069 426 4122 18
447 4085 504 4122 esse
524 4086 540 4122 1
558 4070 636 4122 nobis
659 4070 726 4124 ooP
796 4070 900 4139 gratia»
921 4069 962 4124 01
1033 4069 1060 4132 ip
1080 4070 1133 4122 ista
1153 4068 1196 4122 01
1287 4072 1318 4124 19
1339 4072 1365 4134 in

220 4156 357 4210 nostraO
418 4157 479 4210 uult
499 4159 607 4210 omnino
631 4159 681 4211 ΤΡ
742 4158 770 4212 id
791 4162 831 4211 est
850 4174 901 4210 om.
920 4158 947 4210 P
1000 4157 1035 4211 20
1053 4161 1145 4210 nostra
1166 4159 1251 4221 estC
1312 4176 1365 4212 non

221 4261 272 4298 om.
296 4243 322 4297 V
373 4245 725 4301 23u01entiam.10nT
777 4245 1070 4300 asmarrnoloorl’o
1124 4247 1157 4299 29
1177 4246 1234 4299 eins
1254 4247 1365 4300 uerbab
