3410 4952
301 447 364 508 246
652 444 678 496 S.
707 443 845 498 Aureli
877 445 1093 515 Augustini

299 639 471 702 tulerunt
491 639 681 704 dominum
702 661 822 704 meum
842 643 1023 708 etnescio
1039 643 1102 706 ubi
1117 645 1327 725 posuerunt
1343 646 1446 707 eum?

298 763 374 808 num
399 745 472 809 ideo
497 765 558 809 non
582 749 667 812 recte
692 747 813 812 dictum
838 751 896 825 est,
922 749 1075 830 quianon
1095 749 1215 814 dictum
1235 751 1448 814 est‘carnem‘

302 851 356 915 uel
377 853 502 934 ‘corpus
528 853 647 916 domini
670 853 757 931 mei,'
783 853 853 918 sed:
879 855 1068 919 dominum
1092 855 1234 922 meum?

342 958 456 1022 XXXI.
487 959 540 1025 35.
574 956 774 1040 Quamquam
807 961 903 1042 paulo
939 961 1084 1043 superius
1119 963 1151 1024 et
1181 961 1250 1044 ipse
1283 963 1447 1044 apostolus

299 1065 455 1147 quomodo
484 1068 567 1129 recte
594 1066 734 1148 potuerit
762 1067 799 1130 de
829 1087 920 1131 carne
952 1087 1011 1131 sua
1042 1067 1161 1131 dicere:
1192 1068 1447 1150 captiuantem
1479 1083 1491 1120 ⁵

298 1190 363 1248 me,
394 1172 472 1236 satis
501 1172 665 1236 euidenter
693 1173 823 1256 aperuit.
853 1195 925 1238 cum
956 1174 1038 1238 enim
1068 1173 1215 1239 dixisset:
1246 1174 1323 1238 scio
1353 1175 1447 1238 enim

300 1279 386 1359 quia
413 1297 483 1342 non
513 1279 661 1343 habitat
689 1279 725 1343 in
754 1299 818 1358 me,
848 1280 880 1343 id
912 1279 1020 1362 ipsum
1055 1299 1210 1362 exponens
1243 1280 1385 1346 adiunxit
1417 1285 1449 1344 et

300 1384 364 1448 aitz'
388 1383 457 1449 hoc
481 1387 540 1448 est
566 1385 604 1448 in
635 1405 743 1450 carne
772 1406 861 1463 mea,
885 1386 1031 1450 bonum.
1056 1386 1134 1451 haec
1166 1405 1237 1470 ergo
1268 1388 1448 1468 captinatur

300 1492 359 1555 sub
382 1492 453 1574 lege
476 1493 609 1574 peccati,
634 1493 665 1556 in
690 1513 751 1575 qua
774 1512 844 1556 non
868 1494 1020 1557 habitat
1044 1493 1190 1572 bonum,
1216 1493 1276 1557 hoc
1296 1497 1345 1559 est
1364 1513 1444 1560 caro.

299 1617 424 1662 carnem
457 1601 563 1663 autem
596 1619 678 1664 nunc
711 1600 895 1682 appellauit,
933 1601 990 1664 ubi
1028 1604 1077 1664 est
1115 1601 1278 1664 morbidus
1317 1601 1489 1683 quidemn

299 1707 400 1768 carnis
434 1705 588 1782 adfectus,
623 1726 684 1770 non
716 1706 819 1789 ipsam
853 1707 991 1790 corporis
1025 1707 1315 1784 conformationem,
1355 1708 1444 1799 cuius

241 1826 242 1830 ’
298 1811 441 1875 membra
472 1831 532 1876 non
570 1813 746 1877 adhibenda
783 1817 858 1878 sunt
894 1833 980 1877 arma
1017 1816 1158 1896 peccato,
1196 1813 1230 1878 id
1262 1818 1311 1878 est
1343 1813 1443 1876 eidem

298 1916 361 1999 ipsi
398 1919 683 2001 concupiscentiae,
723 1939 802 2001 qnae
835 1921 899 2006 ,hoc
938 1921 1060 1984 carnale
1097 1922 1242 1983 nostrum
1283 1921 1445 2001 captiuum

298 2025 394 2088 tenet.
420 2043 491 2088 narn
516 2028 669 2105 quantum
694 2026 815 2090 adtinet
839 2026 877 2089 acl
897 2027 1000 2110 ipsam
1020 2025 1213 2106 corporalem
1234 2025 1445 2090 substantiam

299 2133 394 2212 atque
426 2133 580 2207 naturam,
614 2131 645 2194 in
674 2131 752 2196 uiris
780 2131 940 2207 fidelibus,
974 2131 1042 2195 siue
1071 2131 1248 2214 coniugatis
1278 2132 1345 2197 siue
1375 2151 1488 2196 con-1⁵

298 2236 483 2318 tinentibus,
516 2238 579 2300 iam
612 2239 766 2320 templum
799 2238 849 2302 dci
882 2242 941 2301 θεῖ.
975 2241 1123 2316 attamen,
1157 2238 1185 2300 si
1214 2238 1337 2302 omnino
1367 2239 1445 2302 nihil

299 2343 399 2407 carnis
427 2347 552 2408 nostrae
582 2343 744 2427 captiuum
772 2347 932 2408 teneretur
959 2363 1019 2408 non
1054 2344 1180 2426 quidem
1215 2345 1274 2408 sub
1308 2343 1442 2414 diabolo.

299 2450 372 2530 quia
401 2453 433 2513 et
459 2451 504 2514 ibi
532 2451 616 2514 facta
644 2455 694 2516 θεῖ
720 2452 844 2534 pcccati
871 2450 1026 2525 remissio,
1056 2454 1093 2513 ut
1119 2453 1285 2532 peccatum
1313 2468 1374 2513 non
1398 2451 1443 2513 in·

297 2558 436 2638 putetur,
463 2558 546 2639 quod
565 2559 689 2640 proprie
708 2558 758 2620 lex
776 2557 898 2639 peccati
917 2559 1060 2632 crocatur,
1080 2559 1185 2620 tamen
1206 2555 1264 2618 sub
1284 2555 1353 2638 ipsa
1371 2556 1442 2640 lege

296 2663 428 2744 peccati,
452 2664 512 2728 hoc
537 2669 585 2728 est
609 2665 667 2729 sub
693 2664 946 2746 concupiscentia
970 2681 1037 2740 sua,
1062 2662 1123 2725 nisi
1142 2662 1338 2744 aliquantum
1358 2665 1442 2725 tene·
1460 2687 1487 2728 εο

296 2771 382 2832 retur
414 2789 484 2833 caro
517 2773 624 2834 nostra
657 2770 793 2851 captiua,
828 2770 984 2851 quomodo
1019 2773 1104 2834 esset
1135 2789 1257 2846 uerum,
1287 2767 1371 2850 quod
1399 2769 1443 2832 ait

295 2874 379 2939 idem
400 2877 578 2956 apostolus:
600 2876 840 2958 adoptionem
865 2879 1122 2958 expectantes,
1146 2875 1441 2957 redemptionem

298 2981 465 3062 corporis
485 2982 627 3045 nostri?
646 2983 678 3044 in
697 2986 821 3044 tantum
836 2981 936 3064 igitur
950 2982 1053 3046 adhuc
1070 2984 1254 3064 expectatur
1268 2981 1441 3063 redemptio

297 3087 435 3169 corporis
463 3088 573 3163 nostri,
602 3087 634 3150 in
663 3090 815 3168 qnantum
843 3087 945 3151 adhuc
975 3107 1010 3150 ex
1038 3089 1145 3170 aliqua
1167 3091 1254 3170 parte
1278 3088 1441 3170 captiuum

297 3195 346 3256 est
370 3193 428 3255 sub
452 3193 522 3274 lege
545 3193 675 3274 peccati.
699 3194 782 3257 unde
807 3194 912 3258 ethic
936 3194 1112 3258 exclamans
1138 3196 1195 3258 ait:
1219 3195 1350 3258 infelix
1374 3214 1439 3278 ego
1460 3221 1485 3262 25

295 3298 413 3376 homo,
434 3299 518 3381 quis
538 3319 592 3362 me
612 3300 795 3364 liberabit
814 3301 856 3364 de
877 3320 1032 3382 corpore
1054 3303 1187 3366 mortis
1208 3302 1343 3365 huius?
1363 3319 1440 3382 gra-

296 3405 349 3468 tia
369 3405 427 3468 dci
446 3425 509 3487 per
527 3406 651 3470 Iesum
672 3404 866 3470 Christum
887 3406 1074 3470 dominum
1094 3409 1273 3471 nostrum.
1293 3407 1349 3470 ubi
1365 3407 1439 3488 quid

296 3511 488 3576 intellecturi
520 3531 641 3589 snmus,
674 3513 735 3577 nisi
769 3513 841 3595 quia
874 3531 1008 3594 corpus
1043 3512 1140 3594 quod
1175 3514 1438 3594 corrumpitur,

298 3617 480 3700 adgrauat
503 3619 680 3682 animam?
706 3639 777 3682 cum
802 3639 875 3702 ergo
899 3619 932 3682 id
950 3618 1056 3701 ipsum
1076 3638 1190 3702 corpus
1215 3619 1278 3682 iam
1302 3619 1439 3682 incorru-

387 3791 576 3856 lIoh.20‚2
623 3793 781 3856 6Rom.7,
804 3793 836 3846 18
884 3793 916 3845 12
937 3792 969 3846 cl.
989 3794 1064 3846 Rom.
1085 3793 1109 3860 6,
1131 3792 1163 3846 13
1210 3792 1437 3856 annonara

297 3881 330 3932 25
349 3880 426 3932 Rom.
447 3882 470 3943 7,
491 3881 534 3934 24.
554 3882 588 3935 25
644 3881 677 3935 28
698 3882 759 3950 Sap.
780 3883 804 3949 9,
827 3883 858 3934 15

332 3986 415 4037 2non
430 3984 491 4038 ideo
506 3986 561 4040 ER
635 3987 848 4040 alt.estom.P
884 3987 1157 4056 6cnimfln.onc.A
1194 3986 1441 4040 8hocestorn.T

297 4074 473 4127 tcaoeroK
527 4075 559 4128 12
578 4077 734 4129 menbraP
789 4078 820 4130 13
839 4076 1027 4146 ipsem.10
1077 4076 1109 4129 18
1128 4078 1170 4145 nt]
1190 4075 1301 4144 quodG
1372 4079 1437 4128 ut-

297 4166 410 4216 uocatur
428 4179 478 4219 oon.
498 4164 528 4216 N
617 4166 766 4234 imputatur
783 4183 817 4218 m.
837 4171 852 4218 1
873 4166 895 4219 0
950 4167 982 4218 19
1001 4165 1062 4233 lege
1081 4166 1141 4234 ipsa
1161 4163 1191 4234 μ’
1234 4165 1268 4219 20
1288 4168 1329 4218 θεῖ
1348 4182 1398 4220 om..
1418 4164 1441 4219 S

297 4250 331 4303 23
350 4251 501 4306 in-nostri
520 4267 570 4308 om.
590 4252 620 4305 F
703 4255 787 4321 igitur
807 4272 858 4308 om.
878 4254 901 4309 S
985 4257 1143 4323 expectatur
1162 4253 1250 4308 adhuc
1268 4253 1439 4324 BMSWAp

297 4339 331 4391 26
349 4339 477 4394 liberauit
499 4341 561 4410 TK,
580 4359 613 4398 no.
633 4347 649 4394 1
670 4342 761 4397 OFW
812 4345 844 4396 27
865 4345 986 4395 nostrum
1006 4359 1057 4396 om.
1077 4343 1106 4396 Ε
1176 4342 1241 4412 quid
1260 4360 1310 4397 orn.
1330 4342 1358 4396 R
