3396 4932
693 335 909 390 Praefatio.
1217 339 1370 404 XXVIIII

230 529 260 596 S.
284 529 448 594 Benedicti
477 548 493 592 6
522 529 764 612 congregatione
790 528 820 593 S.
845 530 949 593 Mauri
971 530 1102 594 Parisiis
1130 531 1213 594 1696
1244 531 1369 595 emissa.

231 639 326 718 atque
353 635 407 699 1116
436 636 576 700 codicem
605 637 742 718 aliquem
771 637 882 700 6166616
912 634 945 713 O,
974 637 1007 700 lri
1037 636 1060 702 O
1094 637 1233 701 codicem
1266 637 1372 718 ipsum

231 761 285 825 pro
318 743 523 806 fundamento
555 745 661 807 textus
698 743 910 808 constituendi
946 747 1130 825 posuerunt,
1168 743 1199 806 in
1236 743 1371 825 singulis

231 852 336 913 autern
365 849 517 914 lectiones
544 850 650 914 minus
677 851 855 932 probabiles
883 853 1069 933 receperunt
1095 851 1187 914 uelut
1215 850 1290 928 233,
1320 850 1371 912 23.

232 957 285 1023 24.
309 957 366 1030 25;
392 957 467 1034 262,
492 957 526 1038 2;
552 957 626 1033 313,
651 957 671 1018 4
697 957 736 1019 61.

275 1063 464 1144 Priusquam
484 1063 645 1145 praefandi
662 1063 756 1128 finem
774 1064 939 1142 faciamus,
958 1083 1019 1128 666
1038 1063 1176 1127 61166616
1197 1081 1266 1126 6666
1285 1061 1372 1125 uidc-

231 1172 284 1232 1111·
314 1169 374 1232 hoc
406 1169 488 1233 addi.
523 1171 583 1233 etsi
615 1171 701 1234 haud
731 1171 888 1254 ingratum
922 1173 1007 1235 66661
1040 1171 1183 1253 singulos
1216 1171 1304 1233 locos
1334 1167 1373 1232 ad

234 1273 426 1339 Caelestium
465 1279 497 1339 61
530 1275 695 1359 Pelagium
728 1278 921 1358 pertinentes
955 1279 1009 1360 qui
1044 1278 1076 1341 16
1112 1277 1163 1340 his
1200 1274 1373 1360 Augustini

233 1381 380 1463 operibus
419 1387 587 1447 occurrunt
623 1383 663 1447 ad
690 1387 793 1448 certos
823 1385 974 1467 quosdam
1002 1385 1115 1450 titulos
1150 1383 1265 1466 quibus
1298 1380 1373 1445 olim
1449 1449 1455 1462 ⁸

232 1489 344 1552 horum
378 1489 495 1571 scripta
527 1490 827 1556 circumferebantur
857 1491 969 1574 redigi,
1001 1495 1106 1555 tamen
1145 1490 1245 1553 661166
1283 1490 1374 1569 puta-

233 1594 339 1658 611666
364 1614 400 1658 66
423 1597 573 1678 66661111
597 1600 652 1661 661
675 1598 706 1661 16
730 1599 857 1681 66116116
880 1601 1111 1682 616666161661
1131 1596 1235 1660 66116
1255 1593 1372 1658 iudicio

232 1701 461 1783 responderunt
483 1703 529 1766 116
549 1704 679 1768 reddere
702 1708 739 1768 61
765 1704 937 1789 Augustini
961 1703 1208 1788 significationes
1232 1700 1373 1782 pressius

234 1807 410 1888 sequendas
435 1827 504 1872 esse
529 1828 736 1892 censeremus,
759 1811 943 1894 pracsertim
968 1830 1040 1875 cum
1063 1810 1244 1874 uideremus
1267 1807 1375 1889 ipsum

233 1912 450 1996 Augustinum
477 1915 529 1980 hic
556 1917 623 1980 illic
652 1917 689 1981 de
718 1922 845 1982 auctore
874 1917 1105 1982 dubitationem
1128 1933 1256 1980 mouere
1281 1917 1375 1995 61666

236 2038 362 2084 6666616
401 2040 457 2084 661
487 2022 613 2107 singula
648 2025 832 2089 testimonia
869 2025 963 2088 661116
1000 2023 1104 2088 1116116
1143 2021 1376 2106 assignarentur

235 2125 337 2208 magis
361 2127 531 2192 subtilibus
560 2149 653 2210 quam
681 2131 766 2195 ueris
795 2131 987 2214 argumentis
1021 2128 1153 2194 defendi.
1186 2126 1270 2210 quod
1301 2144 1375 2189 6616

235 2233 322 2296 16666
343 2251 489 2314 cropore
510 2238 617 2299 contra
634 2236 791 2300 Iulianum
810 2236 1016 2320 Pelagianum
1038 2238 1125 2299 etex
1149 2251 1241 2314 opere
1264 2232 1376 2311 imper-

238 2337 320 2400 fecto
346 2343 453 2403 contra
475 2342 634 2406 Iulianum
658 2344 849 2426 protulimus
878 2345 1003 2426 gratum
1031 2341 1136 2405 futuro
1170 2339 1282 2402 editori
1314 2338 1376 2400 fac-

238 2445 327 2507 turos
351 2464 408 2509 nos
432 2447 667 2513 arbitrabamur.

287 2547 442 2628 Quoniam
467 2553 526 2618 hoc
549 2556 698 2619 uolumen
723 2556 856 2621 duorum
885 2556 1041 2620 editorum
1069 2552 1198 2616 nomina
1221 2550 1252 2612 in
1276 2549 1378 2611 fronte

240 2657 330 2738 gerit,
363 2662 464 2724 restat
494 2664 532 2725 ut
563 2662 601 2725 dc
633 2664 748 2727 laboris
782 2663 933 2727 societate
966 2679 1067 2745 pauca
1101 2654 1312 2722 1116661660.
1342 2655 1378 2719 F.

239 2761 352 2838 Vrba‚
379 2766 432 2846 qui
466 2786 556 2850 opera
590 2774 697 2833 contra
719 2771 907 2853 Pelagianos
932 2787 1009 2850 quae
1034 2768 1091 2830 hos
1115 2766 1269 2829 tractatus
1292 2781 1379 2844 prae-

241 2868 357 2933 cedunt
389 2875 420 2935 et
452 2878 630 2956 sequuntur
661 2877 857 2940 retractanda
894 2876 1076 2956 susceperat
1114 2875 1145 2936 61
1180 2867 1380 2934 recensendis

239 2974 329 3038 libris
355 2977 392 3042 dc
415 2984 617 3060 peccatorum
641 2983 762 3048 meritis
783 2992 814 3047 ct
832 2982 1018 3046 remissione
1043 3000 1111 3062 sqq.
1138 2997 1263 3060 operam
1287 2995 1380 3040 naua-

242 3081 305 3158 nec,
329 3101 365 3146 66
390 3086 485 3150 editio
511 3089 613 3168 operis
638 3090 675 3152 de
703 3090 822 3172 nuptiis
847 3093 878 3152 et
902 3087 1158 3170 concupiscentia
1181 3105 1198 3148 a
1220 3082 1379 3166 Iosepho

242 3187 362 3270 Zycha
392 3192 454 3256 iarn
488 3195 574 3276 61616
598 3199 707 3276 661616
730 3196 924 3271 dilataretur,
950 3193 1164 3258 condicionem
1189 3189 1320 3270 6666611,
1345 3191 1382 3251 61

241 3295 301 3358 hoc
334 3298 483 3363 uolumen
517 3303 697 3366 consociato
730 3303 836 3366 labore
869 3301 1022 3364 ederetur.
1056 3318 1149 3379 quam
1186 3294 1381 3379 prouinciam

241 3401 288 3465 ita
314 3405 423 3484 partiti
451 3425 573 3484 sumus,
604 3412 638 3471 61
667 3407 698 3472 Ο.
727 3408 762 3471 F.
792 3409 876 3471 Vrba
905 3425 1026 3470 omnem
1058 3404 1097 3467 ad
1124 3401 1262 3466 auctoris
1285 3399 1382 3463 uerba

242 3508 381 3590 priorum
405 3511 501 3574 trium
526 3514 752 3594 opusculorum
775 3513 954 3596 refingcnda
973 3511 1085 3575 utilem
1105 3510 1289 3591 apparatum
1310 3525 1382 3586 sup·

244 3615 408 3696 peditaret,
434 3619 514 3682 unde
538 3621 563 3684 Ι.
597 3621 701 3704 chha
733 3620 965 3684 adnotationem
1001 3617 1142 3681 criticam
1174 3611 1382 3696 praeparauit.

242 3721 348 3804 ipsum
362 3727 483 3788 1611661
499 3727 759 3792 conuenientibus
775 3730 806 3789 61
825 3725 1002 3790 6661666116
1018 3723 1139 3787 uiribus
1160 3718 1383 3784 constituimus

245 3835 276 3890 61
298 3830 524 3910 praefationem
547 3835 652 3897 uniter
675 3833 934 3914 conscripsimus.

288 3937 452 4002 Postremo
476 3959 537 4003 non
561 3960 731 4022 possumus
756 3959 864 4004 omnes
889 3942 977 4022 grato
1003 3936 1106 4001 animo
1130 3949 1383 3998 conmemorare

245 4042 299 4124 qui
317 4043 348 4106 in
368 4044 427 4109 hoc
446 4046 619 4128 Augustini
638 4066 767 4128 operum
788 4045 948 4110 uolumine
969 4043 1087 4108 edendo
1107 4059 1164 4105 nos
1184 4038 1383 4102 adiuucrunt.

246 4151 277 4211 61
307 4149 527 4216 liberalissime
565 4153 692 4235 quidem
725 4153 774 4216 uit
805 4151 1053 4216 inlustrissimus
1086 4149 1286 4230 6616661616
1311 4161 1383 4208 61.

244 4255 420 4322 Μ161616116
444 4259 663 4324 instructionis
687 4259 831 4343 publicae
856 4261 888 4322 61
912 4276 1003 4322 curae
1024 4255 1170 4338 Corporis
1196 4252 1384 4334 scriptorum
