<?xml version="1.0" encoding="UTF-8"?>
<!DOCTYPE html PUBLIC "-//W3C//DTD XHTML 1.0 Transitional//EN"
    "http://www.w3.org/TR/xhtml1/DTD/xhtml1-transitional.dtd">
<html xmlns="http://www.w3.org/1999/xhtml" xml:lang="en" lang="en">
 <head>
  <title>
</title>
<meta http-equiv="Content-Type" content="text/html;charset=utf-8" />
  <meta name='ocr-system' content='tesseract 3.04.00' />
  <meta name='ocr-capabilities' content='ocr_page ocr_carea ocr_par ocr_line ocrx_word'/>
</head>
<body>
  <div class='ocr_page' id='page_1' title='image "./sanctiavreliavg02zychgoog_0216.png"; bbox 0 0 3388 4946; ppageno 0'>
   <div class='ocr_carea' id='block_1_1' title="bbox 294 351 1083 420">
    <p class='ocr_par' dir='ltr' id='par_1_1' title="bbox 294 351 1083 420">
     <span class='ocr_line' id='line_1_1' title="bbox 294 351 1083 420; baseline -0.013 -6"><span class='ocrx_word' id='word_1_1' title='bbox 294 357 354 420; x_wconf 86' lang='grc'>178</span> <span class='ocrx_word' id='word_1_2' title='bbox 644 353 670 406; x_wconf 88' lang='lat' dir='ltr'>S.</span> <span class='ocrx_word' id='word_1_3' title='bbox 700 351 837 405; x_wconf 81' lang='lat' dir='ltr'>Aureli</span> <span class='ocrx_word' id='word_1_4' title='bbox 866 351 1083 420; x_wconf 74' lang='lat' dir='ltr'>Augustini</span> 
     </span>
    </p>
   </div>
   <div class='ocr_carea' id='block_1_2' title="bbox 286 545 1529 3490">
    <p class='ocr_par' dir='ltr' id='par_1_2' title="bbox 288 545 1481 1474">
     <span class='ocr_line' id='line_1_2' title="bbox 289 545 1434 630; baseline -0.003 -18"><span class='ocrx_word' id='word_1_5' title='bbox 289 549 428 626; x_wconf 87' lang='lat' dir='ltr'>arbitrio,</span> <span class='ocrx_word' id='word_1_6' title='bbox 462 567 524 630; x_wconf 90' lang='lat' dir='ltr'>quo</span> <span class='ocrx_word' id='word_1_7' title='bbox 551 547 607 611; x_wconf 93' lang='lat' dir='ltr'>ille</span> <span class='ocrx_word' id='word_1_8' title='bbox 633 547 695 612; x_wconf 90' lang='lat' dir='ltr'>nisi</span> <span class='ocrx_word' id='word_1_9' title='bbox 722 548 874 623; x_wconf 81' lang='lat' dir='ltr'>uteretur,</span> <span class='ocrx_word' id='word_1_10' title='bbox 908 565 968 610; x_wconf 93' lang='lat' dir='ltr'>non</span> <span class='ocrx_word' id='word_1_11' title='bbox 998 545 1026 608; x_wconf 89' lang='lat' dir='ltr'>ei</span> <span class='ocrx_word' id='word_1_12' title='bbox 1053 549 1257 628; x_wconf 89' lang='lat' dir='ltr'>praeceptum</span> <span class='ocrx_word' id='word_1_13' title='bbox 1287 545 1434 609; x_wconf 82' lang='lat' dir='ltr'>daretur?</span> 
     </span>
     <span class='ocr_line' id='line_1_3' title="bbox 290 650 1434 736; baseline -0.003 -19"><span class='ocrx_word' id='word_1_14' title='bbox 290 654 365 736; x_wconf 89' lang='lat' dir='ltr'>qnid</span> <span class='ocrx_word' id='word_1_15' title='bbox 393 654 454 717; x_wconf 92' lang='lat' dir='ltr'>boc</span> <span class='ocrx_word' id='word_1_16' title='bbox 482 653 520 716; x_wconf 91' lang='lat' dir='ltr'>ad</span> <span class='ocrx_word' id='word_1_17' title='bbox 549 671 614 715; x_wconf 90' lang='lat' dir='ltr'>rem</span> <span class='ocrx_word' id='word_1_18' title='bbox 637 651 785 733; x_wconf 77' lang='lat' dir='ltr'>pertinet,</span> <span class='ocrx_word' id='word_1_19' title='bbox 819 651 894 732; x_wconf 91' lang='lat' dir='ltr'>quia</span> <span class='ocrx_word' id='word_1_20' title='bbox 916 651 1013 714; x_wconf 88' lang='lat' dir='ltr'>uerba</span> <span class='ocrx_word' id='word_1_21' title='bbox 1037 650 1099 714; x_wconf 90' lang='lat' dir='ltr'>sibi</span> <span class='ocrx_word' id='word_1_22' title='bbox 1123 650 1248 715; x_wconf 87' lang='lat' dir='ltr'>obiecta</span> <span class='ocrx_word' id='word_1_23' title='bbox 1272 650 1317 714; x_wconf 89' lang='lat' dir='ltr'>sie</span> <span class='ocrx_word' id='word_1_24' title='bbox 1341 669 1434 732; x_wconf 85' lang='lat' dir='ltr'>expo-</span> 
     </span>
     <span class='ocr_line' id='line_1_4' title="bbox 290 755 1435 840; baseline -0.003 -17"><span class='ocrx_word' id='word_1_25' title='bbox 290 759 390 824; x_wconf 91' lang='lat' dir='ltr'>nendo</span> <span class='ocrx_word' id='word_1_26' title='bbox 418 761 503 822; x_wconf 90' lang='lat' dir='ltr'>recte</span> <span class='ocrx_word' id='word_1_27' title='bbox 532 777 565 822; x_wconf 92' lang='lat' dir='ltr'>se</span> <span class='ocrx_word' id='word_1_28' title='bbox 593 759 686 840; x_wconf 88' lang='lat' dir='ltr'>putat</span> <span class='ocrx_word' id='word_1_29' title='bbox 714 756 880 820; x_wconf 86' lang='lat' dir='ltr'>damnasse</span> <span class='ocrx_word' id='word_1_30' title='bbox 909 755 994 837; x_wconf 91' lang='lat' dir='ltr'>quod</span> <span class='ocrx_word' id='word_1_31' title='bbox 1022 755 1138 819; x_wconf 90' lang='lat' dir='ltr'>dieitur</span> <span class='ocrx_word' id='word_1_32' title='bbox 1160 759 1326 839; x_wconf 90' lang='lat' dir='ltr'>peccatum</span> <span class='ocrx_word' id='word_1_33' title='bbox 1349 756 1435 819; x_wconf 87' lang='lat' dir='ltr'>Adae</span> 
     </span>
     <span class='ocr_line' id='line_1_5' title="bbox 288 861 1436 948; baseline -0.002 -21"><span class='ocrx_word' id='word_1_34' title='bbox 288 866 349 948; x_wconf 90' lang='lat' dir='ltr'>ipsi</span> <span class='ocrx_word' id='word_1_35' title='bbox 379 865 439 929; x_wconf 90' lang='lat' dir='ltr'>soli</span> <span class='ocrx_word' id='word_1_36' title='bbox 469 863 611 928; x_wconf 85' lang='lat' dir='ltr'>obfuisse</span> <span class='ocrx_word' id='word_1_37' title='bbox 635 867 667 927; x_wconf 89' lang='lat' dir='ltr'>et</span> <span class='ocrx_word' id='word_1_38' title='bbox 694 881 755 926; x_wconf 92' lang='lat' dir='ltr'>non</span> <span class='ocrx_word' id='word_1_39' title='bbox 779 863 886 945; x_wconf 85' lang='lat' dir='ltr'>generi</span> <span class='ocrx_word' id='word_1_40' title='bbox 909 862 1046 926; x_wconf 92' lang='lat' dir='ltr'>humano</span> <span class='ocrx_word' id='word_1_41' title='bbox 1076 865 1108 926; x_wconf 86' lang='lat' dir='ltr'>et</span> <span class='ocrx_word' id='word_1_42' title='bbox 1135 861 1270 925; x_wconf 83' lang='lat' dir='ltr'>infantes</span> <span class='ocrx_word' id='word_1_43' title='bbox 1300 862 1354 944; x_wconf 91' lang='lat' dir='ltr'>qui</span> <span class='ocrx_word' id='word_1_44' title='bbox 1382 881 1436 925; x_wconf 90' lang='lat' dir='ltr'>na-</span> 
     </span>
     <span class='ocr_line' id='line_1_6' title="bbox 290 967 1481 1049; baseline -0.006 -13"><span class='ocrx_word' id='word_1_45' title='bbox 290 975 421 1036; x_wconf 88' lang='lat' dir='ltr'>scuntur</span> <span class='ocrx_word' id='word_1_46' title='bbox 443 971 474 1034; x_wconf 95' lang='lat' dir='ltr'>in</span> <span class='ocrx_word' id='word_1_47' title='bbox 501 989 537 1033; x_wconf 91' lang='lat' dir='ltr'>eo</span> <span class='ocrx_word' id='word_1_48' title='bbox 562 973 647 1033; x_wconf 89' lang='lat' dir='ltr'>statu</span> <span class='ocrx_word' id='word_1_49' title='bbox 671 988 752 1044; x_wconf 80' lang='lat' dir='ltr'>esse,</span> <span class='ocrx_word' id='word_1_50' title='bbox 776 969 808 1032; x_wconf 94' lang='lat' dir='ltr'>in</span> <span class='ocrx_word' id='word_1_51' title='bbox 829 986 889 1049; x_wconf 92' lang='lat' dir='ltr'>quo</span> <span class='ocrx_word' id='word_1_52' title='bbox 909 967 1010 1032; x_wconf 80' lang='lat' dir='ltr'>Adam</span> <span class='ocrx_word' id='word_1_53' title='bbox 1029 967 1091 1031; x_wconf 86' lang='lat' dir='ltr'>fuit</span> <span class='ocrx_word' id='word_1_54' title='bbox 1110 971 1180 1032; x_wconf 89' lang='lat' dir='ltr'>ante</span> <span class='ocrx_word' id='word_1_55' title='bbox 1202 973 1380 1049; x_wconf 87' lang='lat' dir='ltr'>peccatum,</span> <span class='ocrx_word' id='word_1_56' title='bbox 1405 971 1436 1032; x_wconf 91' lang='lat' dir='ltr'>et</span> <span class='ocrx_word' id='word_1_57' title='bbox 1469 991 1481 1029; x_wconf 80' lang='lat'>⁵</span> 
     </span>
     <span class='ocr_line' id='line_1_7' title="bbox 288 1074 1435 1155; baseline -0.004 -13"><span class='ocrx_word' id='word_1_58' title='bbox 288 1082 392 1142; x_wconf 90' lang='lat' dir='ltr'>tamen</span> <span class='ocrx_word' id='word_1_59' title='bbox 426 1077 475 1140; x_wconf 89' lang='lat' dir='ltr'>bis</span> <span class='ocrx_word' id='word_1_60' title='bbox 509 1076 666 1140; x_wconf 89' lang='lat' dir='ltr'>damnatis</span> <span class='ocrx_word' id='word_1_61' title='bbox 699 1094 760 1139; x_wconf 90' lang='lat' dir='ltr'>non</span> <span class='ocrx_word' id='word_1_62' title='bbox 794 1074 988 1138; x_wconf 81' lang='lat' dir='ltr'>mendaciter</span> <span class='ocrx_word' id='word_1_63' title='bbox 1024 1077 1142 1148; x_wconf 80' lang='lat' dir='ltr'>tenere,</span> <span class='ocrx_word' id='word_1_64' title='bbox 1181 1074 1264 1155; x_wconf 87' lang='lat' dir='ltr'>quod</span> <span class='ocrx_word' id='word_1_65' title='bbox 1296 1074 1328 1138; x_wconf 91' lang='lat' dir='ltr'>in</span> <span class='ocrx_word' id='word_1_66' title='bbox 1367 1075 1435 1138; x_wconf 90' lang='lat' dir='ltr'>eius</span> 
     </span>
     <span class='ocr_line' id='line_1_8' title="bbox 289 1180 1435 1265; baseline -0.003 -17"><span class='ocrx_word' id='word_1_67' title='bbox 289 1187 399 1265; x_wconf 87' lang='lat' dir='ltr'>postea</span> <span class='ocrx_word' id='word_1_68' title='bbox 431 1182 617 1264; x_wconf 79' lang='lat' dir='ltr'>conscriptis</span> <span class='ocrx_word' id='word_1_69' title='bbox 651 1181 813 1263; x_wconf 87' lang='lat' dir='ltr'>opusculis</span> <span class='ocrx_word' id='word_1_70' title='bbox 846 1180 1016 1258; x_wconf 87' lang='lat' dir='ltr'>inuenitur,</span> <span class='ocrx_word' id='word_1_71' title='bbox 1050 1180 1116 1243; x_wconf 88' lang='lat' dir='ltr'>sine</span> <span class='ocrx_word' id='word_1_72' title='bbox 1145 1180 1210 1244; x_wconf 92' lang='lat' dir='ltr'>ullo</span> <span class='ocrx_word' id='word_1_73' title='bbox 1239 1183 1334 1258; x_wconf 86' lang='lat' dir='ltr'>malo,</span> <span class='ocrx_word' id='word_1_74' title='bbox 1368 1181 1435 1244; x_wconf 91' lang='lat' dir='ltr'>sine</span> 
     </span>
     <span class='ocr_line' id='line_1_9' title="bbox 289 1286 1434 1371; baseline -0.004 -17"><span class='ocrx_word' id='word_1_75' title='bbox 289 1291 353 1354; x_wconf 92' lang='lat' dir='ltr'>ullo</span> <span class='ocrx_word' id='word_1_76' title='bbox 378 1289 458 1353; x_wconf 88' lang='lat' dir='ltr'>uitio</span> <span class='ocrx_word' id='word_1_77' title='bbox 482 1289 644 1371; x_wconf 85' lang='lat' dir='ltr'>paruulos¹</span> <span class='ocrx_word' id='word_1_78' title='bbox 658 1286 746 1350; x_wconf 88' lang='lat' dir='ltr'>nasci</span> <span class='ocrx_word' id='word_1_79' title='bbox 769 1290 801 1349; x_wconf 93' lang='lat' dir='ltr'>et</span> <span class='ocrx_word' id='word_1_80' title='bbox 823 1287 884 1350; x_wconf 92' lang='lat' dir='ltr'>hoc</span> <span class='ocrx_word' id='word_1_81' title='bbox 908 1287 1012 1350; x_wconf 88' lang='lat' dir='ltr'>solnm</span> <span class='ocrx_word' id='word_1_82' title='bbox 1031 1286 1062 1349; x_wconf 92' lang='lat' dir='ltr'>in</span> <span class='ocrx_word' id='word_1_83' title='bbox 1083 1286 1128 1350; x_wconf 89' lang='lat' dir='ltr'>eis</span> <span class='ocrx_word' id='word_1_84' title='bbox 1148 1305 1228 1363; x_wconf 84' lang='lat' dir='ltr'>esse,</span> <span class='ocrx_word' id='word_1_85' title='bbox 1253 1286 1337 1368; x_wconf 92' lang='lat' dir='ltr'>quod</span> <span class='ocrx_word' id='word_1_86' title='bbox 1357 1286 1434 1349; x_wconf 91' lang='lat' dir='ltr'>deus</span> 
     </span>
     <span class='ocr_line' id='line_1_10' title="bbox 288 1392 1105 1474; baseline -0.007 -13"><span class='ocrx_word' id='word_1_87' title='bbox 288 1395 437 1471; x_wconf 77' lang='lat' dir='ltr'>condidit,</span> <span class='ocrx_word' id='word_1_88' title='bbox 462 1413 523 1458; x_wconf 91' lang='lat' dir='ltr'>non</span> <span class='ocrx_word' id='word_1_89' title='bbox 547 1394 665 1457; x_wconf 93' lang='lat' dir='ltr'>uulnus</span> <span class='ocrx_word' id='word_1_90' title='bbox 690 1392 774 1474; x_wconf 92' lang='lat' dir='ltr'>quod</span> <span class='ocrx_word' id='word_1_91' title='bbox 797 1393 945 1456; x_wconf 89' lang='lat' dir='ltr'>inimicus</span> <span class='ocrx_word' id='word_1_92' title='bbox 970 1392 1105 1456; x_wconf 84' lang='lat' dir='ltr'>inflixit?</span> 
     </span>
    </p>

    <p class='ocr_par' dir='ltr' id='par_1_3' title="bbox 286 1498 1529 3490">
     <span class='ocr_line' id='line_1_11' title="bbox 331 1498 1480 1581; baseline -0.005 -16"><span class='ocrx_word' id='word_1_93' title='bbox 331 1502 416 1566; x_wconf 79' lang='lat' dir='ltr'>xvi.</span> <span class='ocrx_word' id='word_1_94' title='bbox 439 1503 489 1564; x_wconf 87' lang='grc'>17.</span> <span class='ocrx_word' id='word_1_95' title='bbox 509 1499 672 1581; x_wconf 87' lang='lat' dir='ltr'>Numquid</span> <span class='ocrx_word' id='word_1_96' title='bbox 690 1499 768 1563; x_wconf 90' lang='lat' dir='ltr'>haec</span> <span class='ocrx_word' id='word_1_97' title='bbox 787 1499 916 1562; x_wconf 90' lang='lat' dir='ltr'>dicendo</span> <span class='ocrx_word' id='word_1_98' title='bbox 936 1499 1032 1562; x_wconf 89' lang='lat' dir='ltr'>uerba</span> <span class='ocrx_word' id='word_1_99' title='bbox 1050 1501 1179 1580; x_wconf 86' lang='lat' dir='ltr'>propter</span> <span class='ocrx_word' id='word_1_100' title='bbox 1201 1498 1288 1563; x_wconf 90' lang='lat' dir='ltr'>aliud</span> <span class='ocrx_word' id='word_1_101' title='bbox 1311 1499 1434 1563; x_wconf 90' lang='lat' dir='ltr'>obiecta</span> <span class='ocrx_word' id='word_1_102' title='bbox 1457 1523 1480 1560; x_wconf 87' lang='lat' dir='ltr'>tc</span> 
     </span>
     <span class='ocr_line' id='line_1_12' title="bbox 287 1604 1433 1689; baseline -0.003 -17"><span class='ocrx_word' id='word_1_103' title='bbox 287 1610 379 1672; x_wconf 90' lang='lat' dir='ltr'>aliter</span> <span class='ocrx_word' id='word_1_104' title='bbox 393 1606 573 1688; x_wconf 88' lang='lat' dir='ltr'>exponendo</span> <span class='ocrx_word' id='word_1_105' title='bbox 589 1606 621 1669; x_wconf 94' lang='lat' dir='ltr'>id</span> <span class='ocrx_word' id='word_1_106' title='bbox 637 1606 713 1689; x_wconf 87' lang='lat' dir='ltr'>agit,</span> <span class='ocrx_word' id='word_1_107' title='bbox 733 1609 770 1669; x_wconf 91' lang='lat' dir='ltr'>ut</span> <span class='ocrx_word' id='word_1_108' title='bbox 784 1625 817 1669; x_wconf 88' lang='lat' dir='ltr'>se</span> <span class='ocrx_word' id='word_1_109' title='bbox 832 1604 954 1668; x_wconf 91' lang='lat' dir='ltr'>iudices</span> <span class='ocrx_word' id='word_1_110' title='bbox 970 1624 1030 1668; x_wconf 92' lang='lat' dir='ltr'>non</span> <span class='ocrx_word' id='word_1_111' title='bbox 1048 1604 1203 1669; x_wconf 85' lang='lat' dir='ltr'>fefellisse</span> <span class='ocrx_word' id='word_1_112' title='bbox 1219 1604 1433 1670; x_wconf 77' lang='lat' dir='ltr'>demonstret?</span> 
     </span>
     <span class='ocr_line' id='line_1_13' title="bbox 287 1711 1433 1796; baseline 0.001 -19"><span class='ocrx_word' id='word_1_113' title='bbox 287 1733 415 1796; x_wconf 88' lang='lat' dir='ltr'>prorsus</span> <span class='ocrx_word' id='word_1_114' title='bbox 443 1731 503 1776; x_wconf 88' lang='lat' dir='ltr'>non</span> <span class='ocrx_word' id='word_1_115' title='bbox 532 1712 565 1775; x_wconf 91' lang='lat' dir='ltr'>id</span> <span class='ocrx_word' id='word_1_116' title='bbox 593 1712 704 1786; x_wconf 63' lang='lat' dir='ltr'>officim</span> <span class='ocrx_word' id='word_1_117' title='bbox 738 1715 827 1779; x_wconf 80' lang='lat' dir='ltr'>tanto</span> <span class='ocrx_word' id='word_1_118' title='bbox 856 1712 939 1774; x_wconf 90' lang='lat' dir='ltr'>enim</span> <span class='ocrx_word' id='word_1_119' title='bbox 966 1711 1089 1776; x_wconf 89' lang='lat' dir='ltr'>iudices</span> <span class='ocrx_word' id='word_1_120' title='bbox 1117 1711 1231 1775; x_wconf 82' lang='lat' dir='ltr'>fefellit</span> <span class='ocrx_word' id='word_1_121' title='bbox 1264 1713 1433 1778; x_wconf 89' lang='lat' dir='ltr'>occultius.</span> 
     </span>
     <span class='ocr_line' id='line_1_14' title="bbox 286 1818 1432 1902; baseline -0.003 -18"><span class='ocrx_word' id='word_1_122' title='bbox 286 1825 402 1902; x_wconf 84' lang='lat' dir='ltr'>quanto</span> <span class='ocrx_word' id='word_1_123' title='bbox 423 1819 549 1901; x_wconf 82' lang='lat' dir='ltr'>exponit</span> <span class='ocrx_word' id='word_1_124' title='bbox 566 1819 629 1884; x_wconf 88' lang='lat' dir='ltr'>ista</span> <span class='ocrx_word' id='word_1_125' title='bbox 647 1819 817 1883; x_wconf 88' lang='lat' dir='ltr'>uersutius.</span> <span class='ocrx_word' id='word_1_126' title='bbox 841 1819 983 1900; x_wconf 92' lang='lat' dir='ltr'>episcopi</span> <span class='ocrx_word' id='word_1_127' title='bbox 1007 1818 1123 1900; x_wconf 88' lang='lat' dir='ltr'>quippe</span> <span class='ocrx_word' id='word_1_128' title='bbox 1143 1818 1291 1882; x_wconf 87' lang='lat' dir='ltr'>catholici</span> <span class='ocrx_word' id='word_1_129' title='bbox 1311 1819 1432 1899; x_wconf 91' lang='lat' dir='ltr'>quando</span> 
     </span>
     <span class='ocr_line' id='line_1_15' title="bbox 287 1924 1433 2005; baseline -0.002 -15"><span class='ocrx_word' id='word_1_130' title='bbox 287 1927 455 1990; x_wconf 85' lang='lat' dir='ltr'>audiebant</span> <span class='ocrx_word' id='word_1_131' title='bbox 487 1926 646 1990; x_wconf 89' lang='lat' dir='ltr'>hominem</span> <span class='ocrx_word' id='word_1_132' title='bbox 680 1924 998 1990; x_wconf 80' lang='lat' dir='ltr'>anathematizantem</span> <span class='ocrx_word' id='word_1_133' title='bbox 1032 1943 1085 1988; x_wconf 87' lang='lat' dir='ltr'>eos</span> <span class='ocrx_word' id='word_1_134' title='bbox 1119 1924 1172 2005; x_wconf 89' lang='lat' dir='ltr'>qui</span> <span class='ocrx_word' id='word_1_135' title='bbox 1205 1924 1315 1988; x_wconf 90' lang='lat' dir='ltr'>dicunt</span> <span class='ocrx_word' id='word_1_136' title='bbox 1346 1924 1433 1988; x_wconf 84' lang='lat' dir='ltr'>Adae</span> 
     </span>
     <span class='ocr_line' id='line_1_16' title="bbox 288 2029 1479 2116; baseline -0.01 -18"><span class='ocrx_word' id='word_1_137' title='bbox 288 2037 452 2116; x_wconf 85' lang='lat' dir='ltr'>peccatum</span> <span class='ocrx_word' id='word_1_138' title='bbox 476 2033 539 2115; x_wconf 90' lang='lat' dir='ltr'>ipsi</span> <span class='ocrx_word' id='word_1_139' title='bbox 563 2032 624 2096; x_wconf 93' lang='lat' dir='ltr'>soli</span> <span class='ocrx_word' id='word_1_140' title='bbox 651 2031 802 2109; x_wconf 82' lang='lat' dir='ltr'>obfuisse,</span> <span class='ocrx_word' id='word_1_141' title='bbox 835 2049 897 2094; x_wconf 95' lang='lat' dir='ltr'>non</span> <span class='ocrx_word' id='word_1_142' title='bbox 926 2031 1032 2114; x_wconf 89' lang='lat' dir='ltr'>generi</span> <span class='ocrx_word' id='word_1_143' title='bbox 1059 2030 1208 2107; x_wconf 87' lang='lat' dir='ltr'>humano,</span> <span class='ocrx_word' id='word_1_144' title='bbox 1240 2029 1320 2094; x_wconf 93' lang='lat' dir='ltr'>nihil</span> <span class='ocrx_word' id='word_1_145' title='bbox 1347 2031 1434 2094; x_wconf 90' lang='lat' dir='ltr'>aliud</span> <span class='ocrx_word' id='word_1_146' title='bbox 1454 2049 1479 2088; x_wconf 80' lang='lat' dir='ltr'>xe</span> 
     </span>
     <span class='ocr_line' id='line_1_17' title="bbox 288 2137 1434 2221; baseline -0.003 -17"><span class='ocrx_word' id='word_1_147' title='bbox 288 2160 360 2205; x_wconf 90' lang='lat' dir='ltr'>eum</span> <span class='ocrx_word' id='word_1_148' title='bbox 394 2159 503 2221; x_wconf 89' lang='lat' dir='ltr'>sapere</span> <span class='ocrx_word' id='word_1_149' title='bbox 536 2138 757 2202; x_wconf 84' lang='lat' dir='ltr'>existimabant</span> <span class='ocrx_word' id='word_1_150' title='bbox 789 2155 883 2219; x_wconf 91' lang='lat' dir='ltr'>quam</span> <span class='ocrx_word' id='word_1_151' title='bbox 914 2137 947 2201; x_wconf 92' lang='lat' dir='ltr'>id</span> <span class='ocrx_word' id='word_1_152' title='bbox 985 2137 1069 2219; x_wconf 91' lang='lat' dir='ltr'>quod</span> <span class='ocrx_word' id='word_1_153' title='bbox 1106 2137 1263 2202; x_wconf 88' lang='lat' dir='ltr'>catholica</span> <span class='ocrx_word' id='word_1_154' title='bbox 1299 2138 1434 2202; x_wconf 88' lang='lat' dir='ltr'>ecclesia</span> 
     </span>
     <span class='ocr_line' id='line_1_18' title="bbox 288 2244 1432 2328; baseline -0.003 -17"><span class='ocrx_word' id='word_1_155' title='bbox 288 2247 466 2328; x_wconf 90' lang='lat' dir='ltr'>praedicare</span> <span class='ocrx_word' id='word_1_156' title='bbox 495 2246 672 2319; x_wconf 87' lang='lat' dir='ltr'>consueuit,</span> <span class='ocrx_word' id='word_1_157' title='bbox 705 2245 786 2309; x_wconf 90' lang='lat' dir='ltr'>unde</span> <span class='ocrx_word' id='word_1_158' title='bbox 814 2245 970 2308; x_wconf 89' lang='lat' dir='ltr'>ueraciter</span> <span class='ocrx_word' id='word_1_159' title='bbox 995 2244 1148 2327; x_wconf 88' lang='lat' dir='ltr'>paruulos</span> <span class='ocrx_word' id='word_1_160' title='bbox 1175 2244 1207 2308; x_wconf 90' lang='lat' dir='ltr'>in</span> <span class='ocrx_word' id='word_1_161' title='bbox 1231 2247 1432 2328; x_wconf 89' lang='lat' dir='ltr'>peccatorum</span> 
     </span>
     <span class='ocr_line' id='line_1_19' title="bbox 287 2350 1434 2433; baseline -0.002 -17"><span class='ocrx_word' id='word_1_162' title='bbox 287 2353 504 2416; x_wconf 88' lang='lat' dir='ltr'>remissionem</span> <span class='ocrx_word' id='word_1_163' title='bbox 536 2352 686 2433; x_wconf 87' lang='lat' dir='ltr'>baptizat,</span> <span class='ocrx_word' id='word_1_164' title='bbox 724 2370 784 2415; x_wconf 93' lang='lat' dir='ltr'>non</span> <span class='ocrx_word' id='word_1_165' title='bbox 824 2371 903 2433; x_wconf 91' lang='lat' dir='ltr'>quae</span> <span class='ocrx_word' id='word_1_166' title='bbox 939 2350 1090 2415; x_wconf 84' lang='lat' dir='ltr'>imitando</span> <span class='ocrx_word' id='word_1_167' title='bbox 1126 2350 1271 2415; x_wconf 88' lang='lat' dir='ltr'>fecerunt</span> <span class='ocrx_word' id='word_1_168' title='bbox 1306 2355 1434 2433; x_wconf 87' lang='lat' dir='ltr'>propter·</span> 
     </span>
     <span class='ocr_line' id='line_1_20' title="bbox 286 2457 1435 2542; baseline -0.002 -20"><span class='ocrx_word' id='word_1_169' title='bbox 286 2459 380 2542; x_wconf 90' lang='lat' dir='ltr'>primi</span> <span class='ocrx_word' id='word_1_170' title='bbox 397 2458 572 2540; x_wconf 88' lang='lat' dir='ltr'>peccatoris</span> <span class='ocrx_word' id='word_1_171' title='bbox 588 2459 774 2539; x_wconf 84' lang='lat' dir='ltr'>exemplum,</span> <span class='ocrx_word' id='word_1_172' title='bbox 795 2458 850 2521; x_wconf 92' lang='lat' dir='ltr'>sed</span> <span class='ocrx_word' id='word_1_173' title='bbox 865 2477 945 2538; x_wconf 88' lang='lat' dir='ltr'>quac</span> <span class='ocrx_word' id='word_1_174' title='bbox 961 2457 1118 2521; x_wconf 87' lang='lat' dir='ltr'>nascendo</span> <span class='ocrx_word' id='word_1_175' title='bbox 1134 2459 1295 2521; x_wconf 88' lang='lat' dir='ltr'>traxerunt</span> <span class='ocrx_word' id='word_1_176' title='bbox 1307 2461 1435 2540; x_wconf 91' lang='lat' dir='ltr'>propter</span> 
     </span>
     <span class='ocr_line' id='line_1_21' title="bbox 288 2563 1478 2648; baseline -0.003 -19"><span class='ocrx_word' id='word_1_177' title='bbox 288 2565 418 2648; x_wconf 86' lang='lat' dir='ltr'>originis</span> <span class='ocrx_word' id='word_1_178' title='bbox 449 2564 576 2626; x_wconf 90' lang='lat' dir='ltr'>uitium.</span> <span class='ocrx_word' id='word_1_179' title='bbox 611 2568 643 2626; x_wconf 92' lang='lat' dir='ltr'>et</span> <span class='ocrx_word' id='word_1_180' title='bbox 675 2563 798 2642; x_wconf 90' lang='lat' dir='ltr'>quando</span> <span class='ocrx_word' id='word_1_181' title='bbox 832 2563 1002 2627; x_wconf 89' lang='lat' dir='ltr'>audiebant</span> <span class='ocrx_word' id='word_1_182' title='bbox 1029 2563 1345 2627; x_wconf 88' lang='lat' dir='ltr'>anathematizantem</span> <span class='ocrx_word' id='word_1_183' title='bbox 1379 2582 1432 2627; x_wconf 90' lang='lat' dir='ltr'>eos</span> <span class='ocrx_word' id='word_1_184' title='bbox 1451 2580 1478 2620; x_wconf 80' lang='lat'>20</span> 
     </span>
     <span class='ocr_line' id='line_1_22' title="bbox 288 2657 1529 2752; baseline 0 -19"><span class='ocrx_word' id='word_1_185' title='bbox 288 2670 342 2752; x_wconf 91' lang='lat' dir='ltr'>qui</span> <span class='ocrx_word' id='word_1_186' title='bbox 371 2669 481 2733; x_wconf 87' lang='lat' dir='ltr'>dicunt</span> <span class='ocrx_word' id='word_1_187' title='bbox 508 2669 642 2732; x_wconf 78' lang='lat' dir='ltr'>infantes</span> <span class='ocrx_word' id='word_1_188' title='bbox 671 2669 726 2750; x_wconf 88' lang='lat' dir='ltr'>qni</span> <span class='ocrx_word' id='word_1_189' title='bbox 753 2671 925 2732; x_wconf 90' lang='lat' dir='ltr'>nascuntur</span> <span class='ocrx_word' id='word_1_190' title='bbox 951 2669 981 2732; x_wconf 91' lang='lat' dir='ltr'>in</span> <span class='ocrx_word' id='word_1_191' title='bbox 1012 2687 1048 2732; x_wconf 89' lang='lat' dir='ltr'>eo</span> <span class='ocrx_word' id='word_1_192' title='bbox 1077 2671 1162 2732; x_wconf 91' lang='lat' dir='ltr'>statu</span> <span class='ocrx_word' id='word_1_193' title='bbox 1191 2688 1272 2744; x_wconf 80' lang='lat' dir='ltr'>esse,</span> <span class='ocrx_word' id='word_1_194' title='bbox 1304 2669 1336 2732; x_wconf 91' lang='lat' dir='ltr'>in</span> <span class='ocrx_word' id='word_1_195' title='bbox 1371 2689 1432 2751; x_wconf 92' lang='lat' dir='ltr'>quo</span> <span class='ocrx_word' id='word_1_196' title='bbox 1519 2657 1529 2669; x_wconf 78' lang='grc'><strong>’</strong></span> 
     </span>
     <span class='ocr_line' id='line_1_23' title="bbox 287 2774 1432 2856; baseline -0.001 -17"><span class='ocrx_word' id='word_1_197' title='bbox 287 2776 387 2850; x_wconf 81' lang='lat' dir='ltr'>Adam</span> <span class='ocrx_word' id='word_1_198' title='bbox 405 2775 468 2838; x_wconf 90' lang='lat' dir='ltr'>fnit</span> <span class='ocrx_word' id='word_1_199' title='bbox 486 2778 557 2838; x_wconf 90' lang='lat' dir='ltr'>ante</span> <span class='ocrx_word' id='word_1_200' title='bbox 576 2774 886 2856; x_wconf 85' lang='lat' dir='ltr'>praeuaricationem,</span> <span class='ocrx_word' id='word_1_201' title='bbox 910 2775 989 2838; x_wconf 93' lang='lat' dir='ltr'>nibil</span> <span class='ocrx_word' id='word_1_202' title='bbox 1009 2794 1081 2838; x_wconf 90' lang='lat' dir='ltr'>eum</span> <span class='ocrx_word' id='word_1_203' title='bbox 1101 2774 1186 2838; x_wconf 91' lang='lat' dir='ltr'>aliud</span> <span class='ocrx_word' id='word_1_204' title='bbox 1205 2775 1308 2840; x_wconf 87' lang='lat' dir='ltr'>dicere</span> <span class='ocrx_word' id='word_1_205' title='bbox 1327 2775 1432 2838; x_wconf 89' lang='lat' dir='ltr'>crede-</span> 
     </span>
     <span class='ocr_line' id='line_1_24' title="bbox 286 2880 1431 2962; baseline -0.001 -17"><span class='ocrx_word' id='word_1_206' title='bbox 286 2882 363 2945; x_wconf 91' lang='lat' dir='ltr'>bant</span> <span class='ocrx_word' id='word_1_207' title='bbox 389 2882 450 2946; x_wconf 91' lang='lat' dir='ltr'>nisi</span> <span class='ocrx_word' id='word_1_208' title='bbox 479 2900 533 2944; x_wconf 90' lang='lat' dir='ltr'>eos</span> <span class='ocrx_word' id='word_1_209' title='bbox 562 2880 616 2961; x_wconf 90' lang='lat' dir='ltr'>qni</span> <span class='ocrx_word' id='word_1_210' title='bbox 643 2881 793 2961; x_wconf 89' lang='lat' dir='ltr'>paruulos</span> <span class='ocrx_word' id='word_1_211' title='bbox 821 2884 936 2962; x_wconf 92' lang='lat' dir='ltr'>putant</span> <span class='ocrx_word' id='word_1_212' title='bbox 963 2882 1086 2945; x_wconf 91' lang='lat' dir='ltr'>nullum</span> <span class='ocrx_word' id='word_1_213' title='bbox 1115 2901 1150 2945; x_wconf 89' lang='lat' dir='ltr'>ex</span> <span class='ocrx_word' id='word_1_214' title='bbox 1173 2882 1274 2946; x_wconf 81' lang='lat' dir='ltr'>Adam</span> <span class='ocrx_word' id='word_1_215' title='bbox 1298 2881 1431 2946; x_wconf 83' lang='lat' dir='ltr'>traxisse</span> 
     </span>
     <span class='ocr_line' id='line_1_25' title="bbox 287 2984 1430 3070; baseline 0.002 -20"><span class='ocrx_word' id='word_1_216' title='bbox 287 2990 453 3066; x_wconf 88' lang='lat' dir='ltr'>peccatum</span> <span class='ocrx_word' id='word_1_217' title='bbox 477 2990 508 3049; x_wconf 91' lang='lat' dir='ltr'>et</span> <span class='ocrx_word' id='word_1_218' title='bbox 532 2984 706 3048; x_wconf 88' lang='lat' dir='ltr'>secundum</span> <span class='ocrx_word' id='word_1_219' title='bbox 730 2986 844 3050; x_wconf 91' lang='lat' dir='ltr'>hocin</span> <span class='ocrx_word' id='word_1_220' title='bbox 868 3005 904 3051; x_wconf 89' lang='lat' dir='ltr'>eo</span> <span class='ocrx_word' id='word_1_221' title='bbox 929 2990 1015 3051; x_wconf 89' lang='lat' dir='ltr'>statu</span> <span class='ocrx_word' id='word_1_222' title='bbox 1040 3006 1120 3062; x_wconf 82' lang='lat' dir='ltr'>esse,</span> <span class='ocrx_word' id='word_1_223' title='bbox 1149 2988 1180 3050; x_wconf 94' lang='lat' dir='ltr'>in</span> <span class='ocrx_word' id='word_1_224' title='bbox 1206 3007 1268 3070; x_wconf 90' lang='lat' dir='ltr'>quo</span> <span class='ocrx_word' id='word_1_225' title='bbox 1291 2989 1354 3053; x_wconf 85' lang='lat' dir='ltr'>fuit</span> <span class='ocrx_word' id='word_1_226' title='bbox 1375 2989 1430 3052; x_wconf 90' lang='lat' dir='ltr'>ille</span> 
     </span>
     <span class='ocr_line' id='line_1_26' title="bbox 288 3091 1477 3172; baseline 0 -17"><span class='ocrx_word' id='word_1_227' title='bbox 288 3096 368 3156; x_wconf 89' lang='lat' dir='ltr'>ante·</span> <span class='ocrx_word' id='word_1_228' title='bbox 387 3094 563 3172; x_wconf 88' lang='lat' dir='ltr'>peccatum.</span> <span class='ocrx_word' id='word_1_229' title='bbox 598 3091 713 3154; x_wconf 92' lang='lat' dir='ltr'>etenim</span> <span class='ocrx_word' id='word_1_230' title='bbox 742 3091 801 3155; x_wconf 92' lang='lat' dir='ltr'>hoc</span> <span class='ocrx_word' id='word_1_231' title='bbox 823 3093 876 3156; x_wconf 92' lang='lat' dir='ltr'>illi</span> <span class='ocrx_word' id='word_1_232' title='bbox 907 3093 1093 3170; x_wconf 87' lang='lat' dir='ltr'>obiceretur,</span> <span class='ocrx_word' id='word_1_233' title='bbox 1127 3113 1187 3158; x_wconf 94' lang='lat' dir='ltr'>non</span> <span class='ocrx_word' id='word_1_234' title='bbox 1217 3095 1313 3172; x_wconf 88' lang='lat' dir='ltr'>aliud,</span> <span class='ocrx_word' id='word_1_235' title='bbox 1345 3095 1477 3159; x_wconf 76' lang='lat' dir='ltr'>undere</span> 
     </span>
     <span class='ocr_line' id='line_1_27' title="bbox 287 3196 1431 3282; baseline 0.003 -22"><span class='ocrx_word' id='word_1_236' title='bbox 287 3198 429 3278; x_wconf 89' lang='lat' dir='ltr'>quaestio</span> <span class='ocrx_word' id='word_1_237' title='bbox 462 3196 659 3260; x_wconf 88' lang='lat' dir='ltr'>uersabatur.</span> <span class='ocrx_word' id='word_1_238' title='bbox 691 3197 821 3277; x_wconf 88' lang='lat' dir='ltr'>proinde</span> <span class='ocrx_word' id='word_1_239' title='bbox 855 3218 927 3262; x_wconf 90' lang='lat' dir='ltr'>cum</span> <span class='ocrx_word' id='word_1_240' title='bbox 959 3200 1018 3264; x_wconf 93' lang='lat' dir='ltr'>hoc</span> <span class='ocrx_word' id='word_1_241' title='bbox 1051 3201 1112 3264; x_wconf 89' lang='lat' dir='ltr'>iste</span> <span class='ocrx_word' id='word_1_242' title='bbox 1145 3200 1192 3264; x_wconf 91' lang='lat' dir='ltr'>sic</span> <span class='ocrx_word' id='word_1_243' title='bbox 1224 3201 1361 3282; x_wconf 87' lang='lat' dir='ltr'>exponit,</span> <span class='ocrx_word' id='word_1_244' title='bbox 1394 3204 1431 3264; x_wconf 90' lang='lat' dir='ltr'>ut</span> 
     </span>
     <span class='ocr_line' id='line_1_28' title="bbox 287 3301 1430 3388; baseline 0.003 -22"><span class='ocrx_word' id='word_1_245' title='bbox 287 3303 372 3366; x_wconf 88' lang='lat' dir='ltr'>dicat</span> <span class='ocrx_word' id='word_1_246' title='bbox 398 3302 536 3366; x_wconf 88' lang='lat' dir='ltr'>infantes</span> <span class='ocrx_word' id='word_1_247' title='bbox 564 3301 635 3366; x_wconf 92' lang='lat' dir='ltr'>ideo</span> <span class='ocrx_word' id='word_1_248' title='bbox 664 3322 724 3366; x_wconf 93' lang='lat' dir='ltr'>non</span> <span class='ocrx_word' id='word_1_249' title='bbox 751 3303 784 3366; x_wconf 95' lang='lat' dir='ltr'>in</span> <span class='ocrx_word' id='word_1_250' title='bbox 813 3324 849 3368; x_wconf 92' lang='lat' dir='ltr'>eo</span> <span class='ocrx_word' id='word_1_251' title='bbox 879 3307 965 3369; x_wconf 87' lang='lat' dir='ltr'>statu</span> <span class='ocrx_word' id='word_1_252' title='bbox 989 3325 1069 3384; x_wconf 87' lang='lat' dir='ltr'>esse,</span> <span class='ocrx_word' id='word_1_253' title='bbox 1101 3307 1132 3370; x_wconf 94' lang='lat' dir='ltr'>in</span> <span class='ocrx_word' id='word_1_254' title='bbox 1158 3325 1219 3388; x_wconf 90' lang='lat' dir='ltr'>quo</span> <span class='ocrx_word' id='word_1_255' title='bbox 1243 3306 1344 3370; x_wconf 85' lang='lat' dir='ltr'>Adam</span> <span class='ocrx_word' id='word_1_256' title='bbox 1368 3308 1430 3371; x_wconf 87' lang='lat' dir='ltr'>fuit</span> 
     </span>
     <span class='ocr_line' id='line_1_29' title="bbox 287 3409 1428 3490; baseline 0.007 -20"><span class='ocrx_word' id='word_1_257' title='bbox 287 3411 358 3471; x_wconf 88' lang='lat' dir='ltr'>ante</span> <span class='ocrx_word' id='word_1_258' title='bbox 382 3413 558 3489; x_wconf 87' lang='lat' dir='ltr'>peccatum,</span> <span class='ocrx_word' id='word_1_259' title='bbox 593 3409 667 3490; x_wconf 90' lang='lat' dir='ltr'>quia</span> <span class='ocrx_word' id='word_1_260' title='bbox 695 3409 833 3472; x_wconf 90' lang='lat' dir='ltr'>nondum</span> <span class='ocrx_word' id='word_1_261' title='bbox 858 3412 985 3474; x_wconf 87' lang='lat' dir='ltr'>suntin</span> <span class='ocrx_word' id='word_1_262' title='bbox 1010 3412 1117 3475; x_wconf 88' lang='lat' dir='ltr'>eadem</span> <span class='ocrx_word' id='word_1_263' title='bbox 1141 3412 1289 3477; x_wconf 89' lang='lat' dir='ltr'>firmitate</span> <span class='ocrx_word' id='word_1_264' title='bbox 1313 3414 1428 3478; x_wconf 90' lang='lat' dir='ltr'>mentis</span> 
     </span>
    </p>
   </div>
   <div class='ocr_carea' id='block_1_3' title="bbox 285 3698 1431 4280">
    <p class='ocr_par' dir='ltr' id='par_1_4' title="bbox 324 3698 1430 3772">
     <span class='ocr_line' id='line_1_30' title="bbox 324 3698 1430 3772; baseline 0.007 -19"><span class='ocrx_word' id='word_1_265' title='bbox 324 3698 665 3768; x_wconf 81' lang='lat' dir='ltr'>lquodMOCbTm.1</span> <span class='ocrx_word' id='word_1_266' title='bbox 705 3702 913 3769; x_wconf 80' lang='lat' dir='ltr'>3putatse0</span> <span class='ocrx_word' id='word_1_267' title='bbox 968 3708 1067 3772; x_wconf 87' lang='lat' dir='ltr'>putant</span> <span class='ocrx_word' id='word_1_268' title='bbox 1088 3703 1158 3757; x_wconf 80' lang='lat' dir='ltr'>CbT</span> <span class='ocrx_word' id='word_1_269' title='bbox 1200 3705 1430 3763; x_wconf 74' lang='lat' dir='ltr'>eluitadamo</span> 
     </span>
    </p>

    <p class='ocr_par' dir='ltr' id='par_1_5' title="bbox 285 3785 1431 4280">
     <span class='ocr_line' id='line_1_31' title="bbox 288 3785 1427 3860; baseline 0.011 -22"><span class='ocrx_word' id='word_1_270' title='bbox 288 3789 317 3839; x_wconf 92' lang='grc'>11</span> <span class='ocrx_word' id='word_1_271' title='bbox 339 3785 537 3840; x_wconf 90' lang='lat' dir='ltr'>demonstraret</span> <span class='ocrx_word' id='word_1_272' title='bbox 556 3787 583 3838; x_wconf 94' lang='lat' dir='ltr'><strong><em>P</em></strong></span> <span class='ocrx_word' id='word_1_273' title='bbox 637 3787 670 3839; x_wconf 77' lang='lat'>12</span> <span class='ocrx_word' id='word_1_274' title='bbox 688 3787 791 3841; x_wconf 85' lang='lat' dir='ltr'>iudices</span> <span class='ocrx_word' id='word_1_275' title='bbox 810 3806 861 3842; x_wconf 78' lang='lat' dir='ltr'>orie.</span> <span class='ocrx_word' id='word_1_276' title='bbox 881 3791 944 3843; x_wconf 85' lang='lat' dir='ltr'>Vbd</span> <span class='ocrx_word' id='word_1_277' title='bbox 998 3793 1031 3845; x_wconf 88' lang='grc'>14</span> <span class='ocrx_word' id='word_1_278' title='bbox 1051 3792 1121 3860; x_wconf 91' lang='lat' dir='ltr'>quod</span> <span class='ocrx_word' id='word_1_279' title='bbox 1142 3793 1229 3847; x_wconf 81' lang='lat' dir='ltr'>drM</span> <span class='ocrx_word' id='word_1_280' title='bbox 1282 3797 1314 3850; x_wconf 80' lang='lat'>17</span> <span class='ocrx_word' id='word_1_281' title='bbox 1333 3797 1427 3850; x_wconf 80' lang='lat' dir='ltr'>retnis·</span> 
     </span>
     <span class='ocr_line' id='line_1_32' title="bbox 286 3873 1431 3952; baseline 0.011 -26"><span class='ocrx_word' id='word_1_282' title='bbox 286 3877 387 3927; x_wconf 88' lang='lat' dir='ltr'>sionem</span> <span class='ocrx_word' id='word_1_283' title='bbox 407 3879 578 3943; x_wconf 86' lang='lat' dir='ltr'>peecatorum</span> <span class='ocrx_word' id='word_1_284' title='bbox 596 3873 717 3928; x_wconf 81' lang='lat' dir='ltr'>00ch</span> <span class='ocrx_word' id='word_1_285' title='bbox 753 3877 785 3929; x_wconf 85' lang='lat'>18</span> <span class='ocrx_word' id='word_1_286' title='bbox 800 3878 1007 3932; x_wconf 87' lang='lat' dir='ltr'>remissioneM</span> <span class='ocrx_word' id='word_1_287' title='bbox 1041 3881 1075 3934; x_wconf 83' lang='lat'>20</span> <span class='ocrx_word' id='word_1_288' title='bbox 1094 3883 1160 3935; x_wconf 85' lang='lat' dir='ltr'>haec</span> <span class='ocrx_word' id='word_1_289' title='bbox 1180 3884 1286 3952; x_wconf 90' lang='lat' dir='ltr'>quando</span> <span class='ocrx_word' id='word_1_290' title='bbox 1305 3903 1340 3938; x_wconf 85' lang='lat' dir='ltr'>ra.</span> <span class='ocrx_word' id='word_1_291' title='bbox 1362 3887 1431 3938; x_wconf 83' lang='lat' dir='ltr'>2M</span> 
     </span>
     <span class='ocr_line' id='line_1_33' title="bbox 285 3962 1426 4043; baseline 0.01 -28"><span class='ocrx_word' id='word_1_292' title='bbox 285 3965 318 4016; x_wconf 84' lang='grc'>21</span> <span class='ocrx_word' id='word_1_293' title='bbox 340 3962 373 4015; x_wconf 75' lang='lat' dir='ltr'>dr</span> <span class='ocrx_word' id='word_1_294' title='bbox 395 3965 430 4016; x_wconf 89' lang='lat' dir='ltr'><strong><em>M</em></strong></span> <span class='ocrx_word' id='word_1_295' title='bbox 502 3977 560 4016; x_wconf 91' lang='lat' dir='ltr'>esse</span> <span class='ocrx_word' id='word_1_296' title='bbox 579 3963 675 4016; x_wconf 70' lang='lat' dir='ltr'>orac</span> <span class='ocrx_word' id='word_1_297' title='bbox 762 3965 796 4017; x_wconf 81' lang='lat'>22</span> <span class='ocrx_word' id='word_1_298' title='bbox 816 3965 890 4018; x_wconf 85' lang='lat' dir='ltr'>aliud</span> <span class='ocrx_word' id='word_1_299' title='bbox 909 3966 1007 4037; x_wconf 83' lang='lat' dir='ltr'>dicere]</span> <span class='ocrx_word' id='word_1_300' title='bbox 1029 3969 1126 4023; x_wconf 89' lang='lat' dir='ltr'>debere</span> <span class='ocrx_word' id='word_1_301' title='bbox 1145 3971 1182 4022; x_wconf 90' lang='lat' dir='ltr'><em>M</em></span> <span class='ocrx_word' id='word_1_302' title='bbox 1265 3975 1299 4027; x_wconf 81' lang='lat'>23</span> <span class='ocrx_word' id='word_1_303' title='bbox 1318 3975 1426 4043; x_wconf 89' lang='lat' dir='ltr'>putant]</span> 
     </span>
     <span class='ocr_line' id='line_1_34' title="bbox 287 4051 1426 4128; baseline 0.015 -29"><span class='ocrx_word' id='word_1_304' title='bbox 287 4052 380 4105; x_wconf 80' lang='lat' dir='ltr'>dicunt</span> <span class='ocrx_word' id='word_1_305' title='bbox 403 4051 429 4103; x_wconf 85' lang='lat' dir='ltr'><strong><em>V</em></strong></span> <span class='ocrx_word' id='word_1_306' title='bbox 481 4052 516 4104; x_wconf 78' lang='lat'>24</span> <span class='ocrx_word' id='word_1_307' title='bbox 536 4067 587 4118; x_wconf 90' lang='lat' dir='ltr'>quo</span> <span class='ocrx_word' id='word_1_308' title='bbox 608 4051 658 4105; x_wconf 76' lang='lat' dir='ltr'>ada</span> <span class='ocrx_word' id='word_1_309' title='bbox 678 4055 740 4105; x_wconf 85' lang='lat' dir='ltr'>ante</span> <span class='ocrx_word' id='word_1_310' title='bbox 761 4054 989 4121; x_wconf 78' lang='lat' dir='ltr'>puaricationeC</span> <span class='ocrx_word' id='word_1_311' title='bbox 1041 4059 1075 4110; x_wconf 83' lang='lat'>25</span> <span class='ocrx_word' id='word_1_312' title='bbox 1094 4059 1146 4128; x_wconf 89' lang='lat' dir='ltr'>illi]</span> <span class='ocrx_word' id='word_1_313' title='bbox 1167 4059 1206 4112; x_wconf 91' lang='lat' dir='ltr'>ibi</span> <span class='ocrx_word' id='word_1_314' title='bbox 1230 4061 1256 4112; x_wconf 90' lang='lat' dir='ltr'><strong><em>V</em></strong></span> <span class='ocrx_word' id='word_1_315' title='bbox 1326 4061 1426 4116; x_wconf 89' lang='lat' dir='ltr'>obicie-</span> 
     </span>
     <span class='ocr_line' id='line_1_35' title="bbox 285 4137 1425 4221; baseline 0.011 -29"><span class='ocrx_word' id='word_1_316' title='bbox 285 4137 410 4192; x_wconf 87' lang='lat' dir='ltr'>baturV</span> <span class='ocrx_word' id='word_1_317' title='bbox 466 4138 573 4192; x_wconf 84' lang='lat' dir='ltr'>aliunde</span> <span class='ocrx_word' id='word_1_318' title='bbox 592 4139 629 4192; x_wconf 86' lang='lat' dir='ltr'><em>M</em></span> <span class='ocrx_word' id='word_1_319' title='bbox 681 4139 714 4192; x_wconf 79' lang='lat'>26</span> <span class='ocrx_word' id='word_1_320' title='bbox 733 4142 946 4195; x_wconf 85' lang='lat' dir='ltr'>uertebaturM</span> <span class='ocrx_word' id='word_1_321' title='bbox 964 4151 1117 4199; x_wconf 86' lang='lat' dir='ltr'>uersaretur</span> <span class='ocrx_word' id='word_1_322' title='bbox 1134 4165 1168 4200; x_wconf 85' lang='lat' dir='ltr'>m.</span> <span class='ocrx_word' id='word_1_323' title='bbox 1187 4154 1203 4201; x_wconf 88' lang='lat'><em>1</em></span> <span class='ocrx_word' id='word_1_324' title='bbox 1224 4149 1247 4201; x_wconf 68' lang='lat' dir='ltr'>t*</span> <span class='ocrx_word' id='word_1_325' title='bbox 1300 4151 1333 4205; x_wconf 73' lang='lat'>28</span> <span class='ocrx_word' id='word_1_326' title='bbox 1353 4152 1425 4221; x_wconf 89' lang='lat' dir='ltr'>sunt]</span> 
     </span>
     <span class='ocr_line' id='line_1_36' title="bbox 286 4227 390 4280; baseline 0 0"><span class='ocrx_word' id='word_1_327' title='bbox 286 4228 341 4280; x_wconf 83' lang='lat' dir='ltr'>fuit</span> <span class='ocrx_word' id='word_1_328' title='bbox 364 4227 390 4280; x_wconf 90' lang='lat' dir='ltr'><em>V</em></span> 
     </span>
    </p>
   </div>
   <div class='ocr_carea' id='block_1_4' title="bbox 0 0 1698 4946">
    <p class='ocr_par' dir='ltr' id='par_1_6' title="bbox 0 0 1698 4946">
     <span class='ocr_line' id='line_1_37' title="bbox 0 0 1698 4946; baseline 0 0"><span class='ocrx_word' id='word_1_329' title='bbox 0 0 1698 4946; x_wconf 95' lang='lat' dir='ltr'> </span> 
     </span>
    </p>
   </div>
  </div>
 </body>
</html>
