<?xml version="1.0" encoding="UTF-8"?>
<!DOCTYPE html PUBLIC "-//W3C//DTD XHTML 1.0 Transitional//EN"
    "http://www.w3.org/TR/xhtml1/DTD/xhtml1-transitional.dtd">
<html xmlns="http://www.w3.org/1999/xhtml" xml:lang="en" lang="en">
 <head>
  <title>
</title>
<meta http-equiv="Content-Type" content="text/html;charset=utf-8" />
  <meta name='ocr-system' content='tesseract 3.04.00' />
  <meta name='ocr-capabilities' content='ocr_page ocr_carea ocr_par ocr_line ocrx_word'/>
</head>
<body>
  <div class='ocr_page' id='page_1' title='image "./sanctiavreliavg02zychgoog_0095.png"; bbox 0 0 3382 4924; ppageno 0'>
   <div class='ocr_carea' id='block_1_1' title="bbox 639 299 1027 368">
    <p class='ocr_par' dir='ltr' id='par_1_1' title="bbox 639 299 1027 368">
     <span class='ocr_line' id='line_1_1' title="bbox 639 299 1027 368; baseline 0.005 -18"><span class='ocrx_word' id='word_1_1' title='bbox 639 299 681 351; x_wconf 91' lang='lat' dir='ltr'>de</span> <span class='ocrx_word' id='word_1_2' title='bbox 709 299 839 368; x_wconf 89' lang='lat' dir='ltr'>gestis</span> <span class='ocrx_word' id='word_1_3' title='bbox 867 299 1027 368; x_wconf 80' lang='lat' dir='ltr'>Pelagii</span> 
     </span>
    </p>
   </div>
   <div class='ocr_carea' id='block_1_2' title="bbox 157 492 1409 3242">
    <p class='ocr_par' dir='ltr' id='par_1_2' title="bbox 157 492 1409 3242">
     <span class='ocr_line' id='line_1_2' title="bbox 265 492 1407 578; baseline 0.004 -24"><span class='ocrx_word' id='word_1_4' title='bbox 265 492 384 574; x_wconf 89' lang='lat' dir='ltr'>aliquid</span> <span class='ocrx_word' id='word_1_5' title='bbox 408 494 474 576; x_wconf 82' lang='lat' dir='ltr'>agit</span> <span class='ocrx_word' id='word_1_6' title='bbox 498 497 529 556; x_wconf 89' lang='lat' dir='ltr'>et</span> <span class='ocrx_word' id='word_1_7' title='bbox 551 493 622 557; x_wconf 90' lang='lat' dir='ltr'>ideo</span> <span class='ocrx_word' id='word_1_8' title='bbox 646 494 776 576; x_wconf 86' lang='lat' dir='ltr'>regitur,</span> <span class='ocrx_word' id='word_1_9' title='bbox 800 496 838 556; x_wconf 91' lang='lat' dir='ltr'>ut</span> <span class='ocrx_word' id='word_1_10' title='bbox 859 495 948 558; x_wconf 85' lang='lat' dir='ltr'>reete</span> <span class='ocrx_word' id='word_1_11' title='bbox 975 497 1061 578; x_wconf 87' lang='lat' dir='ltr'>agat;</span> <span class='ocrx_word' id='word_1_12' title='bbox 1088 495 1142 577; x_wconf 91' lang='lat' dir='ltr'>qui</span> <span class='ocrx_word' id='word_1_13' title='bbox 1166 498 1271 558; x_wconf 87' lang='lat' dir='ltr'>autem</span> <span class='ocrx_word' id='word_1_14' title='bbox 1292 497 1407 578; x_wconf 77' lang='lat' dir='ltr'>agitur,</span> 
     </span>
     <span class='ocr_line' id='line_1_3' title="bbox 266 599 1409 686; baseline 0.004 -25"><span class='ocrx_word' id='word_1_15' title='bbox 266 617 356 682; x_wconf 86' lang='lat' dir='ltr'>agere</span> <span class='ocrx_word' id='word_1_16' title='bbox 379 600 447 682; x_wconf 87' lang='lat' dir='ltr'>ipse</span> <span class='ocrx_word' id='word_1_17' title='bbox 472 599 591 681; x_wconf 85' lang='lat' dir='ltr'>aliquid</span> <span class='ocrx_word' id='word_1_18' title='bbox 615 599 667 663; x_wconf 83' lang='lat' dir='ltr'>uix</span> <span class='ocrx_word' id='word_1_19' title='bbox 694 601 901 683; x_wconf 88' lang='lat' dir='ltr'>intellegitur.</span> <span class='ocrx_word' id='word_1_20' title='bbox 935 605 1095 664; x_wconf 84' lang='lat' dir='ltr'>ettamen</span> <span class='ocrx_word' id='word_1_21' title='bbox 1119 604 1243 666; x_wconf 89' lang='lat' dir='ltr'>tautum</span> <span class='ocrx_word' id='word_1_22' title='bbox 1269 605 1409 686; x_wconf 74' lang='lat' dir='ltr'><strong>praestat</strong></span> 
     </span>
     <span class='ocr_line' id='line_1_4' title="bbox 264 707 1407 790; baseline 0.003 -22"><span class='ocrx_word' id='word_1_23' title='bbox 264 707 484 770; x_wconf 86' lang='lat' dir='ltr'>uoluntatibus</span> <span class='ocrx_word' id='word_1_24' title='bbox 503 708 619 770; x_wconf 88' lang='lat' dir='ltr'>nostris</span> <span class='ocrx_word' id='word_1_25' title='bbox 639 708 740 790; x_wconf 86' lang='lat' dir='ltr'>gratia</span> <span class='ocrx_word' id='word_1_26' title='bbox 759 708 938 782; x_wconf 82' lang='lat' dir='ltr'>saluatoris,</span> <span class='ocrx_word' id='word_1_27' title='bbox 964 712 1078 771; x_wconf 91' lang='lat' dir='ltr'>utnon</span> <span class='ocrx_word' id='word_1_28' title='bbox 1100 708 1225 772; x_wconf 85' lang='lat' dir='ltr'>dubitet</span> <span class='ocrx_word' id='word_1_29' title='bbox 1244 710 1407 790; x_wconf 86' lang='lat' dir='ltr'>apostolus</span> 
     </span>
     <span class='ocr_line' id='line_1_5' title="bbox 265 813 1408 898; baseline 0.001 -22"><span class='ocrx_word' id='word_1_30' title='bbox 265 813 383 877; x_wconf 81' lang='lat' dir='ltr'>dicere:</span> <span class='ocrx_word' id='word_1_31' title='bbox 409 817 595 894; x_wconf 88' lang='lat' dir='ltr'>quotquot</span> <span class='ocrx_word' id='word_1_32' title='bbox 619 815 757 895; x_wconf 86' lang='lat' dir='ltr'>spiritu</span> <span class='ocrx_word' id='word_1_33' title='bbox 782 815 840 878; x_wconf 90' lang='lat' dir='ltr'>dei</span> <span class='ocrx_word' id='word_1_34' title='bbox 865 819 1036 898; x_wconf 83' lang='lat' dir='ltr'>aguntur,</span> <span class='ocrx_word' id='word_1_35' title='bbox 1061 815 1099 877; x_wconf 90' lang='lat' dir='ltr'>hi</span> <span class='ocrx_word' id='word_1_36' title='bbox 1123 815 1202 878; x_wconf 86' lang='lat' dir='ltr'>filii</span> <span class='ocrx_word' id='word_1_37' title='bbox 1227 820 1316 879; x_wconf 88' lang='lat' dir='ltr'>sunt</span> <span class='ocrx_word' id='word_1_38' title='bbox 1340 816 1408 879; x_wconf 90' lang='lat' dir='ltr'>dei.</span> 
     </span>
     <span class='ocr_line' id='line_1_6' title="bbox 233 919 1407 1003; baseline 0.003 -24"><span class='ocrx_word' id='word_1_39' title='bbox 233 941 245 979; x_wconf 84' lang='lat'><strong>5</strong></span> <span class='ocrx_word' id='word_1_40' title='bbox 264 938 320 982; x_wconf 90' lang='lat' dir='ltr'>neo</span> <span class='ocrx_word' id='word_1_41' title='bbox 343 919 461 1002; x_wconf 89' lang='lat' dir='ltr'>aliquid</span> <span class='ocrx_word' id='word_1_42' title='bbox 479 920 510 982; x_wconf 93' lang='lat' dir='ltr'>in</span> <span class='ocrx_word' id='word_1_43' title='bbox 531 920 622 983; x_wconf 88' lang='lat' dir='ltr'>nobis</span> <span class='ocrx_word' id='word_1_44' title='bbox 640 920 739 984; x_wconf 86' lang='lat' dir='ltr'>libera</span> <span class='ocrx_word' id='word_1_45' title='bbox 757 922 906 984; x_wconf 86' lang='lat' dir='ltr'>uoluntas</span> <span class='ocrx_word' id='word_1_46' title='bbox 925 921 1040 984; x_wconf 88' lang='lat' dir='ltr'>melius</span> <span class='ocrx_word' id='word_1_47' title='bbox 1060 940 1152 1003; x_wconf 87' lang='lat' dir='ltr'>agero</span> <span class='ocrx_word' id='word_1_48' title='bbox 1171 924 1287 1002; x_wconf 82' lang='lat' dir='ltr'>potest,</span> <span class='ocrx_word' id='word_1_49' title='bbox 1313 941 1407 1003; x_wconf 89' lang='lat' dir='ltr'>quam</span> 
     </span>
     <span class='ocr_line' id='line_1_7' title="bbox 157 1026 1407 1110; baseline 0.008 -28"><span class='ocrx_word' id='word_1_50' title='bbox 157 1077 160 1082; x_wconf 87' lang='lat'>.</span> <span class='ocrx_word' id='word_1_51' title='bbox 264 1030 300 1088; x_wconf 89' lang='lat' dir='ltr'>ut</span> <span class='ocrx_word' id='word_1_52' title='bbox 322 1026 369 1089; x_wconf 90' lang='lat' dir='ltr'>illi</span> <span class='ocrx_word' id='word_1_53' title='bbox 394 1045 427 1089; x_wconf 89' lang='lat' dir='ltr'>se</span> <span class='ocrx_word' id='word_1_54' title='bbox 460 1027 612 1110; x_wconf 81' lang='lat' dir='ltr'>agendam</span> <span class='ocrx_word' id='word_1_55' title='bbox 646 1027 853 1102; x_wconf 82' lang='lat' dir='ltr'>commendet,</span> <span class='ocrx_word' id='word_1_56' title='bbox 887 1028 941 1109; x_wconf 94' lang='lat' dir='ltr'>qui</span> <span class='ocrx_word' id='word_1_57' title='bbox 973 1028 1055 1092; x_wconf 88' lang='lat' dir='ltr'>male</span> <span class='ocrx_word' id='word_1_58' title='bbox 1080 1046 1172 1110; x_wconf 87' lang='lat' dir='ltr'>agere</span> <span class='ocrx_word' id='word_1_59' title='bbox 1202 1046 1262 1090; x_wconf 91' lang='lat' dir='ltr'>non</span> <span class='ocrx_word' id='word_1_60' title='bbox 1292 1031 1407 1109; x_wconf 75' lang='lat' dir='ltr'>potest,</span> 
     </span>
     <span class='ocr_line' id='line_1_8' title="bbox 265 1115 1408 1211; baseline 0.001 -15"><span class='ocrx_word' id='word_1_61' title='bbox 265 1134 378 1196; x_wconf 82' lang='lat' dir='ltr'>ethos</span> <span class='ocrx_word' id='word_1_62' title='bbox 411 1151 483 1198; x_wconf 87' lang='lat' dir='ltr'>oum</span> <span class='ocrx_word' id='word_1_63' title='bbox 516 1135 634 1211; x_wconf 77' lang='lat' dir='ltr'>feeerit,</span> <span class='ocrx_word' id='word_1_64' title='bbox 669 1115 786 1198; x_wconf 64' lang='lat' dir='ltr'>ab&#39;illo</span> <span class='ocrx_word' id='word_1_65' title='bbox 812 1154 846 1198; x_wconf 91' lang='lat' dir='ltr'>se</span> <span class='ocrx_word' id='word_1_66' title='bbox 869 1137 907 1198; x_wconf 91' lang='lat' dir='ltr'>ut</span> <span class='ocrx_word' id='word_1_67' title='bbox 939 1134 1056 1198; x_wconf 84' lang='lat' dir='ltr'>faceret</span> <span class='ocrx_word' id='word_1_68' title='bbox 1089 1134 1230 1197; x_wconf 88' lang='lat' dir='ltr'>adiutam</span> <span class='ocrx_word' id='word_1_69' title='bbox 1255 1152 1408 1197; x_wconf 82' lang='lat' dir='ltr'>essenon</span> 
     </span>
     <span class='ocr_line' id='line_1_9' title="bbox 265 1239 1409 1322; baseline 0 -20"><span class='ocrx_word' id='word_1_70' title='bbox 265 1239 398 1317; x_wconf 83' lang='lat' dir='ltr'>dubitet,</span> <span class='ocrx_word' id='word_1_71' title='bbox 432 1240 482 1303; x_wconf 88' lang='lat' dir='ltr'>oui</span> <span class='ocrx_word' id='word_1_72' title='bbox 508 1240 624 1304; x_wconf 86' lang='lat' dir='ltr'>dieitur</span> <span class='ocrx_word' id='word_1_73' title='bbox 646 1241 677 1304; x_wconf 91' lang='lat' dir='ltr'>in</span> <span class='ocrx_word' id='word_1_74' title='bbox 709 1241 847 1322; x_wconf 82' lang='lat' dir='ltr'>psalmo:</span> <span class='ocrx_word' id='word_1_75' title='bbox 883 1241 975 1304; x_wconf 89' lang='lat' dir='ltr'>deus</span> <span class='ocrx_word' id='word_1_76' title='bbox 1009 1259 1112 1304; x_wconf 91' lang='lat' dir='ltr'>meus</span> <span class='ocrx_word' id='word_1_77' title='bbox 1145 1240 1409 1304; x_wconf 80' lang='lat' dir='ltr'>misericordia</span> 
     </span>
     <span class='ocr_line' id='line_1_10' title="bbox 265 1347 677 1427; baseline 0 -17"><span class='ocrx_word' id='word_1_78' title='bbox 265 1347 344 1410; x_wconf 87' lang='lat' dir='ltr'>eius</span> <span class='ocrx_word' id='word_1_79' title='bbox 369 1347 592 1427; x_wconf 90' lang='lat' dir='ltr'>praeueniet</span> <span class='ocrx_word' id='word_1_80' title='bbox 614 1366 677 1410; x_wconf 91' lang='lat' dir='ltr'>me.</span> 
     </span>
     <span class='ocr_line' id='line_1_11' title="bbox 219 1453 1407 1538; baseline 0.002 -24"><span class='ocrx_word' id='word_1_81' title='bbox 219 1476 245 1514; x_wconf 77' lang='lat' dir='ltr'>ro</span> <span class='ocrx_word' id='word_1_82' title='bbox 308 1455 338 1517; x_wconf 87' lang='lat'>6.</span> <span class='ocrx_word' id='word_1_83' title='bbox 362 1453 505 1534; x_wconf 81' lang='lat' dir='ltr'>Denique</span> <span class='ocrx_word' id='word_1_84' title='bbox 528 1455 560 1516; x_wconf 93' lang='lat' dir='ltr'>in</span> <span class='ocrx_word' id='word_1_85' title='bbox 584 1474 620 1518; x_wconf 93' lang='lat' dir='ltr'>eo</span> <span class='ocrx_word' id='word_1_86' title='bbox 643 1455 734 1530; x_wconf 83' lang='lat' dir='ltr'>libro,</span> <span class='ocrx_word' id='word_1_87' title='bbox 768 1455 821 1518; x_wconf 89' lang='lat' dir='ltr'>ubi</span> <span class='ocrx_word' id='word_1_88' title='bbox 844 1455 901 1517; x_wconf 88' lang='lat' dir='ltr'>illa</span> <span class='ocrx_word' id='word_1_89' title='bbox 925 1455 1065 1536; x_wconf 81' lang='lat' dir='ltr'>capitula</span> <span class='ocrx_word' id='word_1_90' title='bbox 1093 1454 1243 1538; x_wconf 81' lang='lat' dir='ltr'>Pelagius</span> <span class='ocrx_word' id='word_1_91' title='bbox 1268 1454 1407 1535; x_wconf 76' lang='lat' dir='ltr'>scripsit,</span> 
     </span>
     <span class='ocr_line' id='line_1_12' title="bbox 263 1560 1407 1643; baseline 0 -21"><span class='ocrx_word' id='word_1_92' title='bbox 263 1560 336 1622; x_wconf 87' lang='lat' dir='ltr'>huie</span> <span class='ocrx_word' id='word_1_93' title='bbox 360 1561 520 1642; x_wconf 81' lang='lat' dir='ltr'>positioni,</span> <span class='ocrx_word' id='word_1_94' title='bbox 545 1581 607 1643; x_wconf 91' lang='lat' dir='ltr'>qua</span> <span class='ocrx_word' id='word_1_95' title='bbox 631 1561 708 1624; x_wconf 83' lang='lat' dir='ltr'>dixit</span> <span class='ocrx_word' id='word_1_96' title='bbox 730 1563 850 1626; x_wconf 89' lang='lat' dir='ltr'>‘omnes</span> <span class='ocrx_word' id='word_1_97' title='bbox 874 1562 1040 1625; x_wconf 85' lang='lat' dir='ltr'>uoluntate</span> <span class='ocrx_word' id='word_1_98' title='bbox 1060 1560 1185 1642; x_wconf 88' lang='lat' dir='ltr'>propria</span> <span class='ocrx_word' id='word_1_99' title='bbox 1203 1560 1270 1643; x_wconf 89' lang='lat' dir='ltr'>regi</span> <span class='ocrx_word' id='word_1_100' title='bbox 1295 1563 1327 1623; x_wconf 91' lang='lat' dir='ltr'>et</span> <span class='ocrx_word' id='word_1_101' title='bbox 1350 1578 1407 1623; x_wconf 91' lang='lat' dir='ltr'>suo</span> 
     </span>
     <span class='ocr_line' id='line_1_13' title="bbox 264 1665 1407 1749; baseline 0 -20"><span class='ocrx_word' id='word_1_102' title='bbox 264 1666 419 1731; x_wconf 88' lang='lat' dir='ltr'>desiderio</span> <span class='ocrx_word' id='word_1_103' title='bbox 434 1687 692 1749; x_wconf 90' lang='lat' dir='ltr'>unumquemque</span> <span class='ocrx_word' id='word_1_104' title='bbox 712 1668 851 1745; x_wconf 68' lang='lat' dir='ltr'>dimitti,</span> <span class='ocrx_word' id='word_1_105' title='bbox 872 1667 1008 1730; x_wconf 89' lang='lat' dir='ltr'>subieoit</span> <span class='ocrx_word' id='word_1_106' title='bbox 1028 1667 1147 1748; x_wconf 85' lang='lat' dir='ltr'>aliquid</span> <span class='ocrx_word' id='word_1_107' title='bbox 1168 1667 1204 1730; x_wconf 90' lang='lat' dir='ltr'>de</span> <span class='ocrx_word' id='word_1_108' title='bbox 1224 1665 1407 1730; x_wconf 86' lang='lat' dir='ltr'>testimonio</span> 
     </span>
     <span class='ocr_line' id='line_1_14' title="bbox 263 1772 1407 1856; baseline -0.002 -20"><span class='ocrx_word' id='word_1_109' title='bbox 263 1773 500 1854; x_wconf 75' lang='lat' dir='ltr'>seripturarum,</span> <span class='ocrx_word' id='word_1_110' title='bbox 520 1794 581 1855; x_wconf 92' lang='lat' dir='ltr'>quo</span> <span class='ocrx_word' id='word_1_111' title='bbox 597 1775 675 1839; x_wconf 88' lang='lat' dir='ltr'>satis</span> <span class='ocrx_word' id='word_1_112' title='bbox 691 1777 839 1856; x_wconf 79' lang='lat' dir='ltr'>appareat</span> <span class='ocrx_word' id='word_1_113' title='bbox 852 1793 911 1838; x_wconf 90' lang='lat' dir='ltr'>non</span> <span class='ocrx_word' id='word_1_114' title='bbox 928 1793 961 1837; x_wconf 88' lang='lat' dir='ltr'>se</span> <span class='ocrx_word' id='word_1_115' title='bbox 977 1773 1038 1836; x_wconf 89' lang='lat' dir='ltr'>sibi</span> <span class='ocrx_word' id='word_1_116' title='bbox 1056 1773 1216 1836; x_wconf 92' lang='lat' dir='ltr'>hominem</span> <span class='ocrx_word' id='word_1_117' title='bbox 1235 1772 1407 1855; x_wconf 87' lang='lat' dir='ltr'>regendum</span> 
     </span>
     <span class='ocr_line' id='line_1_15' title="bbox 263 1879 1407 1962; baseline 0 -20"><span class='ocrx_word' id='word_1_118' title='bbox 263 1879 376 1943; x_wconf 86' lang='lat' dir='ltr'>debere</span> <span class='ocrx_word' id='word_1_119' title='bbox 393 1882 599 1946; x_wconf 83' lang='lat' dir='ltr'>committere.</span> <span class='ocrx_word' id='word_1_120' title='bbox 619 1882 668 1944; x_wconf 88' lang='lat' dir='ltr'>ait·</span> <span class='ocrx_word' id='word_1_121' title='bbox 682 1882 764 1945; x_wconf 91' lang='lat' dir='ltr'>enim</span> <span class='ocrx_word' id='word_1_122' title='bbox 784 1881 821 1944; x_wconf 87' lang='lat' dir='ltr'>de</span> <span class='ocrx_word' id='word_1_123' title='bbox 837 1881 897 1946; x_wconf 87' lang='lat' dir='ltr'>hoo</span> <span class='ocrx_word' id='word_1_124' title='bbox 911 1882 981 1962; x_wconf 89' lang='lat' dir='ltr'>ipso</span> <span class='ocrx_word' id='word_1_125' title='bbox 997 1881 1029 1944; x_wconf 94' lang='lat' dir='ltr'>in</span> <span class='ocrx_word' id='word_1_126' title='bbox 1043 1881 1200 1962; x_wconf 77' lang='lat' dir='ltr'>sapientia</span> <span class='ocrx_word' id='word_1_127' title='bbox 1215 1879 1407 1943; x_wconf 87' lang='lat' dir='ltr'>Salomonis:</span> 
     </span>
     <span class='ocr_line' id='line_1_16' title="bbox 220 1985 1405 2071; baseline 0.003 -27"><span class='ocrx_word' id='word_1_128' title='bbox 220 2008 243 2044; x_wconf 84' lang='lat'>15</span> <span class='ocrx_word' id='word_1_129' title='bbox 265 2007 342 2049; x_wconf 87' lang='lat' dir='ltr'>sum</span> <span class='ocrx_word' id='word_1_130' title='bbox 369 1987 518 2069; x_wconf 90' lang='lat' dir='ltr'>quidem</span> <span class='ocrx_word' id='word_1_131' title='bbox 542 1993 577 2051; x_wconf 86' lang='lat' dir='ltr'>et</span> <span class='ocrx_word' id='word_1_132' title='bbox 602 2006 668 2071; x_wconf 88' lang='lat' dir='ltr'>ego</span> <span class='ocrx_word' id='word_1_133' title='bbox 702 1988 878 2052; x_wconf 88' lang='lat' dir='ltr'>mortalis</span> <span class='ocrx_word' id='word_1_134' title='bbox 902 1989 1021 2059; x_wconf 77' lang='lat' dir='ltr'>homo,</span> <span class='ocrx_word' id='word_1_135' title='bbox 1056 1987 1199 2050; x_wconf 87' lang='lat' dir='ltr'>similis</span> <span class='ocrx_word' id='word_1_136' title='bbox 1234 1985 1405 2061; x_wconf 85' lang='lat' dir='ltr'>omnium,</span> 
     </span>
     <span class='ocr_line' id='line_1_17' title="bbox 264 2094 1408 2176; baseline -0.001 -21"><span class='ocrx_word' id='word_1_137' title='bbox 264 2112 304 2156; x_wconf 85' lang='lat' dir='ltr'>ex</span> <span class='ocrx_word' id='word_1_138' title='bbox 328 2113 460 2176; x_wconf 87' lang='lat' dir='ltr'>genere</span> <span class='ocrx_word' id='word_1_139' title='bbox 484 2097 632 2158; x_wconf 86' lang='lat' dir='ltr'>terreno</span> <span class='ocrx_word' id='word_1_140' title='bbox 658 2095 766 2158; x_wconf 88' lang='lat' dir='ltr'>illius</span> <span class='ocrx_word' id='word_1_141' title='bbox 792 2095 856 2176; x_wconf 90' lang='lat' dir='ltr'>qui</span> <span class='ocrx_word' id='word_1_142' title='bbox 880 2095 982 2175; x_wconf 90' lang='lat' dir='ltr'>prior</span> <span class='ocrx_word' id='word_1_143' title='bbox 1006 2094 1148 2158; x_wconf 89' lang='lat' dir='ltr'>finotus</span> <span class='ocrx_word' id='word_1_144' title='bbox 1174 2096 1285 2156; x_wconf 85' lang='lat' dir='ltr'>estet</span> <span class='ocrx_word' id='word_1_145' title='bbox 1304 2095 1408 2154; x_wconf 78' lang='lat' dir='ltr'>uetera</span> 
     </span>
     <span class='ocr_line' id='line_1_18' title="bbox 264 2198 1406 2283; baseline 0.001 -24"><span class='ocrx_word' id='word_1_146' title='bbox 264 2217 364 2278; x_wconf 89' lang='lat' dir='ltr'>usque</span> <span class='ocrx_word' id='word_1_147' title='bbox 379 2199 418 2262; x_wconf 91' lang='lat' dir='ltr'>ad</span> <span class='ocrx_word' id='word_1_148' title='bbox 433 2219 504 2262; x_wconf 89' lang='lat' dir='ltr'>eum</span> <span class='ocrx_word' id='word_1_149' title='bbox 521 2201 653 2282; x_wconf 85' lang='lat' dir='ltr'>capituli</span> <span class='ocrx_word' id='word_1_150' title='bbox 667 2199 772 2274; x_wconf 76' lang='lat' dir='ltr'>finem,</span> <span class='ocrx_word' id='word_1_151' title='bbox 792 2201 848 2263; x_wconf 90' lang='lat' dir='ltr'>ubi</span> <span class='ocrx_word' id='word_1_152' title='bbox 861 2200 994 2283; x_wconf 84' lang='lat' dir='ltr'>legitur:</span> <span class='ocrx_word' id='word_1_153' title='bbox 1013 2219 1107 2262; x_wconf 88' lang='lat' dir='ltr'>unus</span> <span class='ocrx_word' id='word_1_154' title='bbox 1128 2218 1215 2282; x_wconf 88' lang='lat' dir='ltr'>ergo</span> <span class='ocrx_word' id='word_1_155' title='bbox 1236 2198 1406 2262; x_wconf 89' lang='lat' dir='ltr'>omnibus</span> 
     </span>
     <span class='ocr_line' id='line_1_19' title="bbox 264 2304 1407 2394; baseline -0.001 -27"><span class='ocrx_word' id='word_1_156' title='bbox 264 2304 449 2368; x_wconf 87' lang='lat' dir='ltr'>introitus</span> <span class='ocrx_word' id='word_1_157' title='bbox 488 2305 530 2368; x_wconf 91' lang='lat' dir='ltr'>ad</span> <span class='ocrx_word' id='word_1_158' title='bbox 567 2305 685 2394; x_wconf 88' lang='lat' dir='ltr'>uitam</span> <span class='ocrx_word' id='word_1_159' title='bbox 724 2309 760 2368; x_wconf 89' lang='lat' dir='ltr'>et</span> <span class='ocrx_word' id='word_1_160' title='bbox 797 2305 937 2368; x_wconf 90' lang='lat' dir='ltr'>similis</span> <span class='ocrx_word' id='word_1_161' title='bbox 976 2306 1110 2370; x_wconf 80' lang='lat' dir='ltr'>exitus</span> <span class='ocrx_word' id='word_1_162' title='bbox 1148 2307 1302 2387; x_wconf 87' lang='lat' dir='ltr'>propter</span> <span class='ocrx_word' id='word_1_163' title='bbox 1339 2305 1407 2367; x_wconf 84' lang='lat' dir='ltr'>hoo</span> 
     </span>
     <span class='ocr_line' id='line_1_20' title="bbox 265 2410 1408 2494; baseline -0.001 -20"><span class='ocrx_word' id='word_1_164' title='bbox 265 2412 406 2494; x_wconf 91' lang='lat' dir='ltr'>optaui,</span> <span class='ocrx_word' id='word_1_165' title='bbox 432 2416 468 2476; x_wconf 91' lang='lat' dir='ltr'>et</span> <span class='ocrx_word' id='word_1_166' title='bbox 488 2413 597 2477; x_wconf 89' lang='lat' dir='ltr'>datus</span> <span class='ocrx_word' id='word_1_167' title='bbox 619 2416 677 2476; x_wconf 91' lang='lat' dir='ltr'>est</span> <span class='ocrx_word' id='word_1_168' title='bbox 695 2413 788 2477; x_wconf 90' lang='lat' dir='ltr'>mihi</span> <span class='ocrx_word' id='word_1_169' title='bbox 808 2433 952 2490; x_wconf 78' lang='lat' dir='ltr'>sensus,</span> <span class='ocrx_word' id='word_1_170' title='bbox 975 2415 1010 2476; x_wconf 93' lang='lat' dir='ltr'>et</span> <span class='ocrx_word' id='word_1_171' title='bbox 1033 2412 1223 2489; x_wconf 66' lang='lat' dir='ltr'>inuooani7</span> <span class='ocrx_word' id='word_1_172' title='bbox 1249 2415 1285 2475; x_wconf 91' lang='lat' dir='ltr'>et</span> <span class='ocrx_word' id='word_1_173' title='bbox 1303 2410 1408 2474; x_wconf 91' lang='lat' dir='ltr'>uenit</span> 
     </span>
     <span class='ocr_line' id='line_1_21' title="bbox 219 2519 1407 2601; baseline -0.001 -21"><span class='ocrx_word' id='word_1_174' title='bbox 219 2519 298 2582; x_wconf 82' lang='lat' dir='ltr'>aoiu</span> <span class='ocrx_word' id='word_1_175' title='bbox 331 2538 385 2582; x_wconf 91' lang='lat' dir='ltr'>me</span> <span class='ocrx_word' id='word_1_176' title='bbox 424 2520 584 2601; x_wconf 88' lang='lat' dir='ltr'>spiritns</span> <span class='ocrx_word' id='word_1_177' title='bbox 623 2519 844 2600; x_wconf 87' lang='lat' dir='ltr'>sapientiae.</span> <span class='ocrx_word' id='word_1_178' title='bbox 882 2539 982 2583; x_wconf 92' lang='lat' dir='ltr'>nonne</span> <span class='ocrx_word' id='word_1_179' title='bbox 1015 2521 1086 2582; x_wconf 88' lang='lat' dir='ltr'>luoe</span> <span class='ocrx_word' id='word_1_180' title='bbox 1120 2519 1235 2582; x_wconf 87' lang='lat' dir='ltr'>clarius</span> <span class='ocrx_word' id='word_1_181' title='bbox 1269 2520 1407 2600; x_wconf 81' lang='lat' dir='ltr'>apparet,</span> 
     </span>
     <span class='ocr_line' id='line_1_22' title="bbox 266 2625 1408 2709; baseline 0 -21"><span class='ocrx_word' id='word_1_182' title='bbox 266 2627 531 2706; x_wconf 83' lang='lat' dir='ltr'>quemadmodum</span> <span class='ocrx_word' id='word_1_183' title='bbox 564 2628 625 2692; x_wconf 85' lang='lat' dir='ltr'>iste</span> <span class='ocrx_word' id='word_1_184' title='bbox 658 2628 856 2692; x_wconf 86' lang='lat' dir='ltr'>considerata</span> <span class='ocrx_word' id='word_1_185' title='bbox 888 2627 1015 2690; x_wconf 89' lang='lat' dir='ltr'>miseria</span> <span class='ocrx_word' id='word_1_186' title='bbox 1042 2625 1225 2709; x_wconf 87' lang='lat' dir='ltr'>fragilitatis</span> <span class='ocrx_word' id='word_1_187' title='bbox 1254 2625 1408 2688; x_wconf 89' lang='lat' dir='ltr'>humanae</span> 
     </span>
     <span class='ocr_line' id='line_1_23' title="bbox 265 2732 1409 2818; baseline -0.003 -22"><span class='ocrx_word' id='word_1_188' title='bbox 265 2753 325 2796; x_wconf 93' lang='lat' dir='ltr'>non</span> <span class='ocrx_word' id='word_1_189' title='bbox 351 2737 399 2797; x_wconf 92' lang='lat' dir='ltr'>est</span> <span class='ocrx_word' id='word_1_190' title='bbox 423 2753 519 2797; x_wconf 87' lang='lat' dir='ltr'>ausus</span> <span class='ocrx_word' id='word_1_191' title='bbox 545 2754 578 2798; x_wconf 90' lang='lat' dir='ltr'>se</span> <span class='ocrx_word' id='word_1_192' title='bbox 601 2735 774 2818; x_wconf 89' lang='lat' dir='ltr'>regendum</span> <span class='ocrx_word' id='word_1_193' title='bbox 799 2734 861 2798; x_wconf 90' lang='lat' dir='ltr'>sibi</span> <span class='ocrx_word' id='word_1_194' title='bbox 885 2733 1092 2808; x_wconf 81' lang='lat' dir='ltr'>committere,</span> <span class='ocrx_word' id='word_1_195' title='bbox 1127 2733 1181 2795; x_wconf 89' lang='lat' dir='ltr'>sed</span> <span class='ocrx_word' id='word_1_196' title='bbox 1206 2732 1340 2813; x_wconf 79' lang='lat' dir='ltr'>optauit,</span> <span class='ocrx_word' id='word_1_197' title='bbox 1373 2734 1409 2794; x_wconf 92' lang='lat' dir='ltr'>et</span> 
     </span>
     <span class='ocr_line' id='line_1_24' title="bbox 267 2831 1407 2922; baseline -0.002 -20"><span class='ocrx_word' id='word_1_198' title='bbox 267 2840 376 2903; x_wconf 87' lang='lat' dir='ltr'>datus</span> <span class='ocrx_word' id='word_1_199' title='bbox 411 2843 468 2905; x_wconf 91' lang='lat' dir='ltr'>est</span> <span class='ocrx_word' id='word_1_200' title='bbox 501 2841 529 2904; x_wconf 92' lang='lat' dir='ltr'>ei</span> <span class='ocrx_word' id='word_1_201' title='bbox 563 2860 706 2920; x_wconf 82' lang='lat' dir='ltr'>sensus,</span> <span class='ocrx_word' id='word_1_202' title='bbox 733 2841 849 2922; x_wconf 88' lang='lat' dir='ltr'>dequo</span> <span class='ocrx_word' id='word_1_203' title='bbox 875 2841 953 2904; x_wconf 85' lang='lat' dir='ltr'>dicit</span> <span class='ocrx_word' id='word_1_204' title='bbox 976 2841 1155 2922; x_wconf 88' lang='lat' dir='ltr'>apostolus:</span> <span class='ocrx_word' id='word_1_205' title='bbox 1185 2831 1250 2903; x_wconf 72' lang='lat' dir='ltr'>no&#39;s</span> <span class='ocrx_word' id='word_1_206' title='bbox 1284 2843 1407 2902; x_wconf 82' lang='lat' dir='ltr'>autem</span> 
     </span>
     <span class='ocr_line' id='line_1_25' title="bbox 265 2945 1405 3023; baseline -0.002 -15"><span class='ocrx_word' id='word_1_207' title='bbox 265 2965 413 3008; x_wconf 88' lang='lat' dir='ltr'>sensum</span> <span class='ocrx_word' id='word_1_208' title='bbox 439 2945 580 3009; x_wconf 88' lang='lat' dir='ltr'>domini</span> <span class='ocrx_word' id='word_1_209' title='bbox 603 2946 793 3023; x_wconf 78' lang='lat' dir='ltr'>habemus,</span> <span class='ocrx_word' id='word_1_210' title='bbox 828 2950 860 3010; x_wconf 87' lang='lat' dir='ltr'>et</span> <span class='ocrx_word' id='word_1_211' title='bbox 882 2946 1055 3022; x_wconf 78' lang='lat' dir='ltr'>inuocauit,</span> <span class='ocrx_word' id='word_1_212' title='bbox 1091 2948 1126 3008; x_wconf 93' lang='lat' dir='ltr'>et</span> <span class='ocrx_word' id='word_1_213' title='bbox 1152 2945 1255 3009; x_wconf 87' lang='lat' dir='ltr'>uenit</span> <span class='ocrx_word' id='word_1_214' title='bbox 1278 2945 1308 3008; x_wconf 96' lang='lat' dir='ltr'>in</span> <span class='ocrx_word' id='word_1_215' title='bbox 1334 2964 1405 3008; x_wconf 87' lang='lat' dir='ltr'>eum</span> 
     </span>
     <span class='ocr_line' id='line_1_26' title="bbox 218 3051 1407 3134; baseline 0 -20"><span class='ocrx_word' id='word_1_216' title='bbox 218 3076 244 3116; x_wconf 78' lang='lat' dir='ltr'>aa</span> <span class='ocrx_word' id='word_1_217' title='bbox 265 3051 424 3132; x_wconf 89' lang='lat' dir='ltr'>spiritns</span> <span class='ocrx_word' id='word_1_218' title='bbox 446 3052 677 3133; x_wconf 83' lang='lat' dir='ltr'>sapientiae?</span> <span class='ocrx_word' id='word_1_219' title='bbox 698 3053 756 3116; x_wconf 89' lang='lat' dir='ltr'>hoe</span> <span class='ocrx_word' id='word_1_220' title='bbox 773 3052 854 3115; x_wconf 92' lang='lat' dir='ltr'>enim</span> <span class='ocrx_word' id='word_1_221' title='bbox 876 3051 1025 3134; x_wconf 84' lang='lat' dir='ltr'>spiritu,</span> <span class='ocrx_word' id='word_1_222' title='bbox 1046 3071 1106 3116; x_wconf 96' lang='lat' dir='ltr'>non</span> <span class='ocrx_word' id='word_1_223' title='bbox 1122 3051 1245 3116; x_wconf 90' lang='lat' dir='ltr'>uiribus</span> <span class='ocrx_word' id='word_1_224' title='bbox 1264 3053 1407 3133; x_wconf 88' lang='lat' dir='ltr'>propriae</span> 
     </span>
     <span class='ocr_line' id='line_1_27' title="bbox 264 3157 1241 3242; baseline 0.002 -23"><span class='ocrx_word' id='word_1_225' title='bbox 264 3157 437 3222; x_wconf 89' lang='lat' dir='ltr'>uoluntatis</span> <span class='ocrx_word' id='word_1_226' title='bbox 460 3161 614 3241; x_wconf 87' lang='lat' dir='ltr'>reguntur</span> <span class='ocrx_word' id='word_1_227' title='bbox 638 3161 669 3222; x_wconf 92' lang='lat' dir='ltr'>et</span> <span class='ocrx_word' id='word_1_228' title='bbox 693 3162 855 3242; x_wconf 90' lang='lat' dir='ltr'>aguntur</span> <span class='ocrx_word' id='word_1_229' title='bbox 880 3158 933 3240; x_wconf 90' lang='lat' dir='ltr'>qui</span> <span class='ocrx_word' id='word_1_230' title='bbox 958 3158 1036 3220; x_wconf 85' lang='lat' dir='ltr'>filii</span> <span class='ocrx_word' id='word_1_231' title='bbox 1061 3161 1150 3222; x_wconf 88' lang='lat' dir='ltr'>sunt</span> <span class='ocrx_word' id='word_1_232' title='bbox 1173 3157 1241 3221; x_wconf 91' lang='lat' dir='ltr'>dei.</span> 
     </span>
    </p>
   </div>
   <div class='ocr_carea' id='block_1_3' title="bbox 348 3417 1406 3488">
    <p class='ocr_par' dir='ltr' id='par_1_3' title="bbox 348 3417 1406 3488">
     <span class='ocr_line' id='line_1_28' title="bbox 348 3417 1406 3488; baseline 0.001 -18"><span class='ocrx_word' id='word_1_233' title='bbox 348 3419 459 3470; x_wconf 68' lang='lat' dir='ltr'>onom.</span> <span class='ocrx_word' id='word_1_234' title='bbox 479 3419 504 3485; x_wconf 82' lang='lat' dir='ltr'>a,</span> <span class='ocrx_word' id='word_1_235' title='bbox 526 3419 559 3471; x_wconf 86' lang='lat'>14</span> <span class='ocrx_word' id='word_1_236' title='bbox 627 3417 821 3486; x_wconf 69' lang='lat' dir='ltr'>apaten</span> <span class='ocrx_word' id='word_1_237' title='bbox 899 3419 930 3470; x_wconf 79' lang='lat'>15</span> <span class='ocrx_word' id='word_1_238' title='bbox 951 3420 1014 3488; x_wconf 76' lang='lat' dir='ltr'>sap.</span> <span class='ocrx_word' id='word_1_239' title='bbox 1035 3419 1092 3481; x_wconf 72' lang='lat' dir='ltr'>nr</span> <span class='ocrx_word' id='word_1_240' title='bbox 1166 3420 1197 3471; x_wconf 84' lang='lat'>17</span> <span class='ocrx_word' id='word_1_241' title='bbox 1218 3418 1280 3487; x_wconf 80' lang='lat' dir='ltr'>sap.</span> <span class='ocrx_word' id='word_1_242' title='bbox 1302 3420 1325 3484; x_wconf 73' lang='grc' dir='ltr'>τ,</span> <span class='ocrx_word' id='word_1_243' title='bbox 1346 3419 1406 3471; x_wconf 79' lang='lat' dir='ltr'>ar</span> 
     </span>
    </p>
   </div>
   <div class='ocr_carea' id='block_1_4' title="bbox 260 3503 789 3574">
    <p class='ocr_par' dir='ltr' id='par_1_4' title="bbox 260 3503 789 3574">
     <span class='ocr_line' id='line_1_29' title="bbox 260 3503 789 3574; baseline 0.004 -16"><span class='ocrx_word' id='word_1_244' title='bbox 260 3507 326 3560; x_wconf 83' lang='lat'>231</span> <span class='ocrx_word' id='word_1_245' title='bbox 346 3503 405 3560; x_wconf 82' lang='lat' dir='ltr'>Cor.</span> <span class='ocrx_word' id='word_1_246' title='bbox 426 3508 451 3568; x_wconf 83' lang='grc'>2,</span> <span class='ocrx_word' id='word_1_247' title='bbox 473 3508 505 3561; x_wconf 86' lang='grc'>16</span> <span class='ocrx_word' id='word_1_248' title='bbox 560 3508 594 3560; x_wconf 74' lang='lat'>25</span> <span class='ocrx_word' id='word_1_249' title='bbox 613 3507 689 3560; x_wconf 86' lang='lat' dir='ltr'>Rom.</span> <span class='ocrx_word' id='word_1_250' title='bbox 710 3507 734 3574; x_wconf 89' lang='lat'>8,</span> <span class='ocrx_word' id='word_1_251' title='bbox 757 3509 789 3560; x_wconf 88' lang='grc'>14</span> 
     </span>
    </p>
   </div>
   <div class='ocr_carea' id='block_1_5' title="bbox 255 3665 1410 4263">
    <p class='ocr_par' dir='ltr' id='par_1_5' title="bbox 255 3665 1410 4263">
     <span class='ocr_line' id='line_1_30' title="bbox 296 3665 1406 3734; baseline -0.001 -16"><span class='ocrx_word' id='word_1_252' title='bbox 296 3667 308 3718; x_wconf 90' lang='lat'>1</span> <span class='ocrx_word' id='word_1_253' title='bbox 329 3665 401 3733; x_wconf 87' lang='lat' dir='ltr'>ideo]</span> <span class='ocrx_word' id='word_1_254' title='bbox 421 3665 483 3726; x_wconf 91' lang='lat' dir='ltr'>ideo</span> <span class='ocrx_word' id='word_1_255' title='bbox 503 3666 538 3718; x_wconf 90' lang='lat' dir='ltr'>L¹</span> <span class='ocrx_word' id='word_1_256' title='bbox 560 3666 609 3719; x_wconf 87' lang='lat' dir='ltr'>deo</span> <span class='ocrx_word' id='word_1_257' title='bbox 629 3666 753 3719; x_wconf 84' lang='lat' dir='ltr'><em>LUF¹P</em></span> <span class='ocrx_word' id='word_1_258' title='bbox 771 3685 786 3720; x_wconf 87' lang='lat' dir='ltr'>a</span> <span class='ocrx_word' id='word_1_259' title='bbox 805 3666 855 3719; x_wconf 88' lang='lat' dir='ltr'>deo</span> <span class='ocrx_word' id='word_1_260' title='bbox 875 3670 902 3734; x_wconf 86' lang='lat' dir='ltr'>(a</span> <span class='ocrx_word' id='word_1_261' title='bbox 920 3684 954 3721; x_wconf 86' lang='lat' dir='ltr'>m.</span> <span class='ocrx_word' id='word_1_262' title='bbox 975 3671 994 3719; x_wconf 86' lang='lat'><strong><em>2</em></strong></span> <span class='ocrx_word' id='word_1_263' title='bbox 1014 3667 1090 3731; x_wconf 76' lang='lat' dir='ltr'>add.)</span> <span class='ocrx_word' id='word_1_264' title='bbox 1109 3667 1144 3729; x_wconf 79' lang='lat' dir='ltr'>F,</span> <span class='ocrx_word' id='word_1_265' title='bbox 1160 3665 1227 3719; x_wconf 82' lang='lat' dir='ltr'>VSd</span> <span class='ocrx_word' id='word_1_266' title='bbox 1304 3666 1406 3733; x_wconf 82' lang='lat' dir='ltr'>autem]</span> 
     </span>
     <span class='ocr_line' id='line_1_31' title="bbox 258 3752 1405 3824; baseline 0 -18"><span class='ocrx_word' id='word_1_267' title='bbox 258 3754 329 3806; x_wconf 90' lang='lat' dir='ltr'>enim</span> <span class='ocrx_word' id='word_1_268' title='bbox 348 3754 386 3806; x_wconf 83' lang='lat' dir='ltr'>F¹</span> <span class='ocrx_word' id='word_1_269' title='bbox 441 3754 580 3822; x_wconf 82' lang='lat' dir='ltr'>2aliquid</span> <span class='ocrx_word' id='word_1_270' title='bbox 599 3755 658 3823; x_wconf 84' lang='lat' dir='ltr'>ipse</span> <span class='ocrx_word' id='word_1_271' title='bbox 683 3755 749 3808; x_wconf 79' lang='lat' dir='ltr'>Vsu</span> <span class='ocrx_word' id='word_1_272' title='bbox 811 3755 997 3824; x_wconf 79' lang='lat' dir='ltr'>3apostolus]</span> <span class='ocrx_word' id='word_1_273' title='bbox 1020 3756 1134 3824; x_wconf 86' lang='lat' dir='ltr'>amplius</span> <span class='ocrx_word' id='word_1_274' title='bbox 1154 3754 1183 3807; x_wconf 87' lang='lat' dir='ltr'><em>F</em></span> <span class='ocrx_word' id='word_1_275' title='bbox 1235 3752 1405 3822; x_wconf 73' lang='lat' dir='ltr'>degendum</span> 
     </span>
     <span class='ocr_line' id='line_1_32' title="bbox 257 3842 1410 3912; baseline 0.002 -18"><span class='ocrx_word' id='word_1_276' title='bbox 257 3860 290 3895; x_wconf 76' lang='lat' dir='ltr'>ro.</span> <span class='ocrx_word' id='word_1_277' title='bbox 310 3847 325 3895; x_wconf 85' lang='lat'><strong><em>1</em></strong></span> <span class='ocrx_word' id='word_1_278' title='bbox 343 3843 374 3896; x_wconf 85' lang='lat' dir='ltr'><em>F</em></span> <span class='ocrx_word' id='word_1_279' title='bbox 389 3843 495 3911; x_wconf 85' lang='lat' dir='ltr'>agenda</span> <span class='ocrx_word' id='word_1_280' title='bbox 518 3843 573 3897; x_wconf 83' lang='lat' dir='ltr'>VS¹</span> <span class='ocrx_word' id='word_1_281' title='bbox 594 3843 698 3912; x_wconf 88' lang='lat' dir='ltr'>agendo</span> <span class='ocrx_word' id='word_1_282' title='bbox 719 3844 742 3897; x_wconf 82' lang='lat' dir='ltr'><strong><em>S</em></strong></span> <span class='ocrx_word' id='word_1_283' title='bbox 813 3843 1003 3898; x_wconf 80' lang='lat' dir='ltr'>commendent</span> <span class='ocrx_word' id='word_1_284' title='bbox 1028 3844 1052 3896; x_wconf 90' lang='lat' dir='ltr'><em>V</em></span> <span class='ocrx_word' id='word_1_285' title='bbox 1114 3845 1128 3896; x_wconf 86' lang='grc'><strong>7</strong></span> <span class='ocrx_word' id='word_1_286' title='bbox 1150 3842 1272 3895; x_wconf 89' lang='lat' dir='ltr'>adiutum</span> <span class='ocrx_word' id='word_1_287' title='bbox 1291 3860 1324 3895; x_wconf 77' lang='lat' dir='ltr'>an.</span> <span class='ocrx_word' id='word_1_288' title='bbox 1344 3847 1360 3895; x_wconf 87' lang='lat'><strong><em>1</em></strong></span> <span class='ocrx_word' id='word_1_289' title='bbox 1380 3842 1410 3896; x_wconf 86' lang='lat' dir='ltr'>F</span> 
     </span>
     <span class='ocr_line' id='line_1_33' title="bbox 257 3931 1407 4001; baseline 0 -17"><span class='ocrx_word' id='word_1_290' title='bbox 257 3949 315 3985; x_wconf 88' lang='lat' dir='ltr'>esse</span> <span class='ocrx_word' id='word_1_291' title='bbox 335 3949 385 3985; x_wconf 90' lang='lat' dir='ltr'>om.</span> <span class='ocrx_word' id='word_1_292' title='bbox 412 3932 459 3985; x_wconf 83' lang='lat' dir='ltr'>VS</span> <span class='ocrx_word' id='word_1_293' title='bbox 515 3931 702 3986; x_wconf 67' lang='lat' dir='ltr'>sorbitius</span> <span class='ocrx_word' id='word_1_294' title='bbox 759 3934 820 3986; x_wconf 79' lang='lat' dir='ltr'>aei</span> <span class='ocrx_word' id='word_1_295' title='bbox 843 3932 869 3986; x_wconf 89' lang='lat' dir='ltr'><strong><em>U</em></strong></span> <span class='ocrx_word' id='word_1_296' title='bbox 928 3933 960 3986; x_wconf 88' lang='lat'>10</span> <span class='ocrx_word' id='word_1_297' title='bbox 981 3935 1023 4001; x_wconf 87' lang='lat' dir='ltr'>eo]</span> <span class='ocrx_word' id='word_1_298' title='bbox 1045 3933 1091 3985; x_wconf 92' lang='lat' dir='ltr'>illo</span> <span class='ocrx_word' id='word_1_299' title='bbox 1111 3931 1248 3985; x_wconf 82' lang='lat' dir='ltr'>F¹PSVd</span> <span class='ocrx_word' id='word_1_300' title='bbox 1307 3933 1338 3984; x_wconf 90' lang='lat'>11</span> <span class='ocrx_word' id='word_1_301' title='bbox 1359 3949 1407 4000; x_wconf 91' lang='lat' dir='ltr'>po-</span> 
     </span>
     <span class='ocr_line' id='line_1_34' title="bbox 256 4019 1407 4090; baseline -0.001 -18"><span class='ocrx_word' id='word_1_302' title='bbox 256 4021 359 4089; x_wconf 89' lang='lat' dir='ltr'>sitioni]</span> <span class='ocrx_word' id='word_1_303' title='bbox 379 4038 427 4088; x_wconf 92' lang='lat' dir='ltr'>pro</span> <span class='ocrx_word' id='word_1_304' title='bbox 448 4021 520 4073; x_wconf 89' lang='lat' dir='ltr'>omni</span> <span class='ocrx_word' id='word_1_305' title='bbox 544 4020 575 4078; x_wconf 74' lang='lat' dir='ltr'>t&#39;.</span> <span class='ocrx_word' id='word_1_306' title='bbox 594 4039 627 4074; x_wconf 80' lang='lat' dir='ltr'>ni.</span> <span class='ocrx_word' id='word_1_307' title='bbox 647 4026 662 4072; x_wconf 85' lang='lat'><em>1</em></span> <span class='ocrx_word' id='word_1_308' title='bbox 681 4021 711 4074; x_wconf 86' lang='lat' dir='ltr'>F</span> <span class='ocrx_word' id='word_1_309' title='bbox 727 4021 906 4090; x_wconf 87' lang='lat' dir='ltr'>propositioni</span> <span class='ocrx_word' id='word_1_310' title='bbox 925 4021 991 4073; x_wconf 84' lang='lat' dir='ltr'>L¹P</span> <span class='ocrx_word' id='word_1_311' title='bbox 1068 4022 1101 4073; x_wconf 85' lang='lat'>12</span> <span class='ocrx_word' id='word_1_312' title='bbox 1121 4019 1196 4072; x_wconf 87' lang='lat' dir='ltr'>aliud</span> <span class='ocrx_word' id='word_1_313' title='bbox 1219 4019 1245 4073; x_wconf 90' lang='lat' dir='ltr'><em>U</em></span> <span class='ocrx_word' id='word_1_314' title='bbox 1328 4021 1361 4072; x_wconf 78' lang='lat'>14</span> <span class='ocrx_word' id='word_1_315' title='bbox 1380 4021 1407 4072; x_wconf 92' lang='lat' dir='ltr'>in</span> 
     </span>
     <span class='ocr_line' id='line_1_35' title="bbox 255 4107 1407 4179; baseline 0 -17"><span class='ocrx_word' id='word_1_316' title='bbox 255 4126 305 4164; x_wconf 81' lang='lat' dir='ltr'>om.</span> <span class='ocrx_word' id='word_1_317' title='bbox 325 4109 449 4163; x_wconf 83' lang='lat' dir='ltr'>FPVSd</span> <span class='ocrx_word' id='word_1_318' title='bbox 500 4110 532 4162; x_wconf 87' lang='lat'>16</span> <span class='ocrx_word' id='word_1_319' title='bbox 551 4111 629 4164; x_wconf 83' lang='lat' dir='ltr'>fietus</span> <span class='ocrx_word' id='word_1_320' title='bbox 648 4109 821 4163; x_wconf 85' lang='lat' dir='ltr'>PfaotusS</span> <span class='ocrx_word' id='word_1_321' title='bbox 868 4111 900 4162; x_wconf 89' lang='grc'>18</span> <span class='ocrx_word' id='word_1_322' title='bbox 921 4115 949 4163; x_wconf 90' lang='lat' dir='ltr'>et</span> <span class='ocrx_word' id='word_1_323' title='bbox 967 4113 1078 4178; x_wconf 86' lang='lat' dir='ltr'>propter</span> <span class='ocrx_word' id='word_1_324' title='bbox 1096 4107 1260 4161; x_wconf 86' lang='lat' dir='ltr'><em>LUL¹F¹P</em></span> <span class='ocrx_word' id='word_1_325' title='bbox 1308 4109 1342 4161; x_wconf 82' lang='lat'>20</span> <span class='ocrx_word' id='word_1_326' title='bbox 1362 4126 1407 4179; x_wconf 86' lang='lat' dir='ltr'>sp·</span> 
     </span>
     <span class='ocr_line' id='line_1_36' title="bbox 255 4197 713 4263; baseline 0 -13"><span class='ocrx_word' id='word_1_327' title='bbox 255 4203 362 4263; x_wconf 84' lang='lat' dir='ltr'>pareret</span> <span class='ocrx_word' id='word_1_328' title='bbox 381 4199 410 4252; x_wconf 87' lang='lat' dir='ltr'><em>F</em></span> <span class='ocrx_word' id='word_1_329' title='bbox 463 4199 496 4251; x_wconf 82' lang='grc'>22</span> <span class='ocrx_word' id='word_1_330' title='bbox 516 4200 656 4252; x_wconf 82' lang='lat' dir='ltr'>comittere</span> <span class='ocrx_word' id='word_1_331' title='bbox 675 4197 713 4250; x_wconf 89' lang='lat' dir='ltr'>L¹</span> 
     </span>
    </p>
   </div>
   <div class='ocr_carea' id='block_1_6' title="bbox 0 0 1696 4924">
    <p class='ocr_par' dir='ltr' id='par_1_6' title="bbox 0 0 1696 4924">
     <span class='ocr_line' id='line_1_37' title="bbox 0 0 1696 4924; baseline 0 0"><span class='ocrx_word' id='word_1_332' title='bbox 0 0 1696 4924; x_wconf 95' lang='lat' dir='ltr'> </span> 
     </span>
    </p>
   </div>
  </div>
 </body>
</html>
