3388 4946
309 359 370 422 152
666 354 692 407 S.
721 352 857 408 Aureli
884 351 1099 420 Augustini

306 550 431 612 fatetur.
455 546 510 610 ubi
535 549 585 611 est
608 566 680 629 ergo
705 547 785 610 iliud
811 547 962 629 apostoli:
995 543 1205 610 iustificati
1238 543 1356 626 gratis
1390 561 1452 624 per

308 653 468 736 gratiam
492 652 637 733 ipsius?
658 653 713 716 ubi
733 655 782 716 θεῖ
801 656 833 716 θῖ
851 651 944 716 illud:
965 652 1087 735 gratia
1106 651 1205 715 salui
1222 650 1316 714 facti
1336 649 1451 713 estis?

308 762 340 822 et
358 779 396 823 ue
415 761 563 842 putarent
581 761 645 842 ‘per
664 761 777 840 opera,
797 759 934 824 addidit:
953 778 1016 840 per
1035 758 1158 822 fidem.
1174 777 1283 822 rursus
1298 776 1335 820 ne
1350 757 1452 838 ipsam

306 863 400 929 fidem
425 865 491 930 sine
515 865 566 928 dei
588 865 691 949 gratia
723 865 784 930 sibi
811 868 959 947 putarent
987 883 1056 930 esse
1079 863 1289 941 tribuendam,
1313 865 1350 927 et
1372 863 1451 938 hoc,

306 972 419 1053 inquit,
453 991 522 1036 non
555 991 594 1034 θι
627 972 752 1049 uobis,
781 972 845 1037 sed
878 972 936 1036 dei
971 971 1102 1036 donum
1137 974 1204 1035 est.
1237 989 1350 1052 nempe
1377 986 1451 1052 ergo
1481 983 1494 1021 ⁵

306 1079 397 1154 illud,
423 1078 505 1142 unde
527 1078 640 1159 incipit
667 1096 759 1141 omne
787 1078 872 1158 quod
899 1079 1011 1142 merito
1040 1077 1182 1160 accipere
1210 1076 1354 1151 dicimur,
1386 1075 1453 1140 sine

308 1185 420 1249 merito
449 1184 633 1267 accipimus,
665 1185 697 1247 id
726 1186 776 1248 θεῖ
802 1184 905 1266 ipsam
933 1183 1037 1248 fidem.
1070 1187 1125 1248 aut
1158 1183 1185 1248 si
1217 1185 1350 1266 negatur
1376 1181 1453 1256 dari,

310 1291 386 1372 quid
409 1293 459 1354 est
482 1291 566 1372 quod
585 1291 705 1354 dictum
731 1295 793 1354 est:
819 1291 920 1356 sicut
942 1290 1148 1371 unicuique
1173 1289 1263 1354 deus
1287 1289 1453 1370 partitus

310 1401 367 1460 est
390 1416 598 1462 mensuram
622 1395 737 1460 fidei?
762 1397 789 1460 si
813 1402 919 1462 autem
944 1397 989 1462 sic
1014 1396 1130 1460 dicitur
1149 1396 1226 1474 dari,
1250 1398 1287 1459 ut
1305 1394 1455 1458 reddatur

309 1503 441 1580 meritis,
467 1523 527 1568 non
552 1503 694 1581 donetur,
719 1504 795 1585 quid
819 1507 869 1568 est
891 1504 977 1585 quod
999 1503 1114 1567 iterum
1140 1503 1230 1567 dicit:
1258 1501 1367 1568 uobis
1397 1501 1498 1566 do-10

310 1613 438 1672 natum
464 1614 521 1674 est
543 1629 607 1692 pro
634 1609 784 1675 Christo
810 1629 878 1674 non
903 1610 1023 1674 solum
1049 1613 1089 1674 ut
1114 1609 1278 1673 credatis
1301 1607 1337 1672 in
1362 1627 1453 1683 eum,

311 1735 440 1779 uerum
466 1716 575 1780 etiam
601 1717 798 1798 patiamini
821 1737 885 1799 pro
911 1722 971 1781 eo?
1001 1719 1171 1798 utrumque
1196 1715 1279 1779 enim
1303 1715 1455 1778 donatum

311 1841 381 1886 esse
404 1825 541 1886 testatus
566 1827 625 1898 est,
646 1827 682 1896 et
706 1824 790 1906 quod
814 1824 913 1888 credit
935 1824 967 1887 in
992 1822 1154 1888 Christum
1179 1825 1211 1886 et
1233 1821 1318 1903 quod
1336 1820 1456 1904 patitur

311 1928 445 2012 quisque
469 1949 523 2011 pro
550 1927 685 1994 Christo.
708 1931 765 1996 isti
788 1935 894 1995 autem
926 1930 1024 1994 libero
1057 1929 1185 1993 arbitrio
1219 1928 1264 1992 sic
1296 1926 1456 2010 applicant

311 2035 416 2112 fidem,
456 2040 493 2102 ut
524 2036 597 2100 fidei
628 2037 777 2102 uidelicet
807 2037 896 2101 reddi
931 2037 1078 2100 uideatur
1115 2055 1176 2099 ncn
1214 2034 1361 2117 gratuita,
1400 2031 1455 2096 sed
1475 2047 1500 2084 1⁵

313 2142 420 2206 debita
447 2143 562 2225 gratia,
597 2162 633 2208 ac
660 2164 715 2225 per
742 2145 802 2210 hoc
825 2145 887 2207 iam
913 2163 969 2209 nec
994 2143 1103 2227 gratia,
1136 2142 1209 2224 quia
1231 2141 1294 2205 nisi
1317 2139 1455 2223 gratuita

313 2267 373 2312 non
398 2252 446 2312 est
469 2251 579 2332 gratia.

357 2354 488 2418 XXXII.
514 2356 564 2420 35.
585 2355 646 2419 Sed
666 2356 703 2419 ab
724 2356 773 2420 his
792 2357 907 2421 litteris
927 2357 1077 2440 Pelagius
1098 2355 1134 2418 ad
1156 2355 1228 2418 fidei
1248 2373 1323 2418 suae
1342 2353 1458 2416 librum

313 2461 385 2523 uult
405 2461 536 2525 transire
556 2463 716 2538 lectorem,
742 2463 832 2526 cuius
851 2463 944 2528 uobis
965 2461 1295 2526 commemorationem
1319 2459 1404 2534 fecit,
1427 2458 1459 2521 in

314 2586 376 2647 quo
401 2585 437 2629 ea
460 2567 498 2629 de
522 2567 637 2649 quibus
661 2587 722 2632 non
746 2569 996 2651 interrogabatur
1018 2569 1121 2632 multa
1144 2566 1304 2630 disseruit.
1329 2564 1385 2628 sed
1401 2582 1459 2628 nos
1477 2579 1504 2617 20

316 2672 354 2736 de
382 2673 497 2754 quibus
527 2691 600 2737 cum
627 2674 691 2738 illis
726 2675 861 2758 agimus,
894 2676 963 2757 ipsa
995 2675 1170 2739 uideamus.
1205 2692 1276 2737 cum
1310 2671 1392 2735 enim
1420 2669 1458 2734 ab

315 2779 436 2842 unitate
459 2779 609 2844 trinitatis
634 2799 735 2861 usque
759 2781 798 2844 ad
820 2781 1080 2846 resurrectionem
1104 2779 1216 2857 carnis,
1240 2777 1323 2860 quod
1347 2777 1386 2840 ab
1404 2776 1459 2840 illo

315 2903 407 2948 nemo
440 2886 619 2965 quaerebat,
654 2886 900 2969 disputationem
933 2891 1081 2969 quantam
1113 2886 1217 2950 uoluit
1248 2883 1459 2959 terminasset,

317 2994 358 3053 ‘et
382 2991 561 3072 baptisma,
591 2992 703 3073 inquit,
732 2995 839 3056 ‘unum
863 2998 1018 3068 tenemus,
1042 2993 1126 3076 quod
1148 2993 1250 3056 isdem
1274 2987 1461 3055 sacramenti

316 3097 421 3160 uerbis
444 3098 475 3160 in
505 3098 677 3163 infantibus
706 3099 822 3181 quibus
851 3100 946 3164 etiam
968 3100 1001 3164 in
1028 3099 1201 3164 maioribus
1229 3097 1363 3161 dicimus
1391 3113 1461 3158 esse
1480 3113 1505 3153 as

317 3205 559 3270 celebrandum‘.
582 3205 642 3270 hoc
676 3210 758 3272 certe
790 3227 848 3272 uos
878 3210 910 3271 et
933 3227 951 3270 a
977 3211 1141 3289 praesente
1169 3205 1295 3270 audisso
1323 3201 1459 3274 dixistis;

317 3310 373 3374 sed
401 3310 476 3391 quid
504 3311 643 3393 prodest,
676 3313 760 3393 quod
788 3313 908 3376 eisdem
935 3312 1041 3376 uerbis
1068 3312 1099 3375 in
1124 3310 1266 3394 paruulis
1291 3307 1406 3390 quibus
1430 3310 1461 3369 et

411 3573 673 3640 1-51a01n.3,24
729 3572 913 3641 arpinas
969 3573 1080 3625 8Rom.
1102 3571 1179 3639 12,3
1242 3569 1274 3623 10
1293 3568 1363 3622 Phil.
1384 3567 1407 3635 1,
1426 3565 1461 3620 29

317 3663 354 3714 24
372 3662 428 3715 Pel.
448 3663 494 3714 lib.
515 3661 559 3718 fid.
579 3663 595 3716 8
615 3663 695 3730 (XLV
716 3664 784 3716 1718
803 3663 850 3730 Μ.)

358 3803 548 3856 lestom.C
583 3803 666 3856 2ubi
686 3807 727 3857 est
745 3803 813 3856 illud
832 3805 863 3856 ior
880 3820 936 3856 raa.
956 3803 982 3855 P
1035 3801 1102 3854 facti
1121 3817 1171 3854 om.
1194 3799 1289 3853 OdTP
1328 3796 1462 3853 ddonum

320 3891 412 3946 deiP
456 3891 562 3947 tiunde
581 3893 679 3960 incipit
698 3909 749 3945 om.
774 3893 799 3945 V
842 3889 1060 3946 8deusom.0
1105 3890 1138 3944 10
1157 3890 1208 3942 1]οθ
1227 3887 1333 3958 quodi>
1380 3887 1413 3940 12
1432 3888 1463 3937 ut

323 3981 465 4050 patiamini
486 3981 522 4035 bd
593 3982 718 4050 patimini
738 3999 771 4035 or.
791 3982 847 4034 1T
897 3982 929 4034 13
949 3979 1117 4034 crediturM
1167 3979 1198 4031 16
1217 3979 1270 4030 iam
1290 3993 1341 4030 our.
1359 3973 1465 4032 ole

323 4072 354 4125 18
374 4070 664 4124 ad-librumc'nroc.
684 4088 717 4124 m.
738 4070 802 4124 20
856 4071 888 4124 19
907 4069 986 4123 nobis
1005 4067 1169 4132 muodo
1225 4067 1257 4119 21
1278 4066 1383 4134 agimus
1402 4079 1463 4118 cum

321 4161 376 4213 illis
396 4159 432 4213 bd
499 4159 533 4213 23
552 4159 641 4213 noluit
659 4160 695 4214 M
711 4160 786 4213 uolui
805 4177 839 4212 m.
859 4159 917 4212 10
983 4157 1018 4209 24
1038 4160 1066 4210 et
1084 4157 1115 4208 io
1134 4156 1191 4209 Pei.
1207 4155 1260 4223 fid.
1281 4154 1373 4208 hoedo
1392 4153 1464 4206 deest

321 4257 445 4304 tenemus
465 4251 493 4302 et
511 4249 607 4302 iisdem
627 4265 728 4302 sacram
753 4248 778 4300 V
830 4249 864 4300 26
884 4246 976 4300 dixisti
998 4246 1021 4299 Ο
