3388 4946
290 349 351 410 151
643 345 669 398 s,
698 321 835 398 111111
864 344 1083 412 Augustini

285 540 527 619 tulumcumque
551 537 742 601 adiutorium
767 557 837 600 eum
864 537 1012 602 credibile
1032 538 1130 602 estin
1149 538 1209 602 hoo
1229 539 1430 615 constituere,

287 646 371 728 quod
399 645 490 709 uobis
520 644 645 707 additur
673 644 805 708 scicntia
832 645 991 708 reuelante
1021 645 1134 726 spiritu
1162 664 1217 727 per
1245 645 1429 722 doctrinam,

287 771 380 833 quam
408 752 461 815 uel
488 771 550 815 non
578 769 750 834 possumus
783 752 836 814 uel
869 751 996 816 difficile
1029 752 1144 815 habere
1176 761 1348 834 possumus
1376 771 1431 834 per

285 860 440 920 naturam.
466 857 529 920 ista
553 861 626 920 sunt
650 856 783 937 quaein
811 856 901 935 libro,
930 877 1023 939 quem
1052 858 1181 940 scripsit
1208 857 1246 921 ad
1274 858 1430 941 uirginem

286 963 413 1042 Christi,
442 964 604 1027 aduertere
637 964 737 1045 potui,
766 964 820 1026 ubi
849 963 976 1026 uidetur
1003 964 1135 1047 gratiam
1166 963 1316 1029 confiteri.
1351 984 1429 1045 quae
1461 982 1473 1022 1

284 1071 423 1153 proiecto
448 1070 554 1151 qualia
578 1071 650 1146 sint,
674 1070 785 1152 utique
811 1070 948 1133 cernitis.

328 1177 472 1240 XXXXI.
488 1179 540 1240 15.
561 1177 712 1260 ‘Lagant',
727 1176 839 1258 inquit,
855 1176 961 1240 ‘etiam
979 1195 1086 1241 recens
1102 1197 1208 1240 meum
1228 1179 1429 1260 opusculum,

284 1284 367 1365 quod
399 1302 454 1365 pro
485 1283 583 1346 libero
617 1302 717 1364 nuper
757 1282 885 1346 arbitrio
920 1283 1010 1347 edere
1049 1283 1205 1365 compulsi
1238 1303 1360 1360 sumne,
1398 1287 1430 1347 et

284 1393 455 1471 agnoscent
470 1409 562 1469 quam
578 1389 684 1471 inique
699 1408 756 1452 uos
770 1389 937 1472 negatione
954 1390 1073 1472 gratiae
1088 1389 1237 1452 infamare
1253 1389 1427 1472 gestierint,

284 1495 338 1576 qui
352 1515 407 1576 per
421 1499 524 1560 totum
544 1514 641 1577 paene
659 1495 760 1576 ipsius
780 1498 901 1558 tentum
922 1497 1024 1576 operis
1042 1497 1181 1578 perfecte
1198 1498 1291 1577 atque
1306 1495 1428 1578 integre
1449 1515 1473 1552 10

284 1605 315 1663 et
345 1602 480 1665 liberum
514 1601 677 1665 arbitrium
711 1603 897 1666 confitemur·
928 1606 960 1666 et
992 1603 1145 1686 gratiam'.
1174 1605 1323 1683 qrrattuor
1354 1604 1429 1666 sunt

280 1707 353 1770 libri
381 1708 483 1789 operis
503 1708 614 1771 liuius.
650 1711 682 1771 ct
709 1709 766 1771 hos
795 1709 860 1792 legi
894 1712 925 1772 et
949 1729 984 1772 cr
1007 1709 1072 1772 illis
1097 1708 1220 1789 sumpsi
1244 1727 1323 1790 quae
1347 1711 1428 1772 trac-

281 1814 374 1877 tanda
390 1817 422 1877 et
445 1814 643 1878 discutienda
657 1816 808 1896 proposui
823 1818 854 1878 et
873 1819 909 1878 ut
927 1815 1018 1896 potui
1036 1815 1237 1897 pertractant,
1258 1818 1427 1895 antequam

282 1921 320 1984 ad
340 1921 407 1984 eius
426 1922 483 1984 has
502 1921 636 1998 litteras,
661 1940 740 2002 quac
759 1922 892 1985 Romam
912 1922 1027 1985 missae
1048 1926 1132 1998 sunt,
1157 1921 1346 1986 ueniremns.
1371 1921 1427 1985 sed

281 2029 312 2090 in
340 2028 389 2091 his
418 2028 513 2090 ctiam
542 2031 693 2108 quattuor
719 2028 809 2090 libris
838 2047 1054 2109 quaecumque
1083 2047 1137 2109 pro
1172 2028 1272 2112 gratia
1299 2028 1471 2091 uideturne

282 2133 393 2208 dicere,
415 2153 475 2214 qua
489 2133 647 2208 iuuamur,
667 2136 704 2196 ut
723 2133 915 2196 declinemus
931 2153 948 2196 a
964 2133 1046 2196 malo
1061 2133 1425 2215 bonumqueiaoiamus,

280 2240 326 2302 ita
354 2239 439 2314 dicit,
474 2243 510 2302 ut
532 2240 624 2304 nullo
658 2239 751 2304 modo
782 2259 799 2302 a
831 2240 1000 2303 uerborum
1034 2241 1241 2322 ambiguitate
1274 2239 1425 2318 discedat,

282 2365 375 2428 quam
414 2345 578 2427 discipulis
617 2345 663 2409 sic
700 2346 804 2428 possit
842 2365 1002 2427 exponere,
1041 2349 1077 2409 ut
1113 2346 1234 2408 nullum
1274 2345 1425 2409 auxilium

280 2453 399 2535 gratiae
418 2453 555 2529 credant,
580 2472 642 2532 qua
660 2455 790 2516 naturae
808 2452 1005 2534 possibilitas
1026 2453 1204 2529 adiunctur,
1224 2452 1285 2515 nisi
1303 2453 1334 2514 iu
1354 2453 1425 2534 lege

280 2561 374 2638 atque
403 2558 553 2634 doctrina,
586 2559 632 2621 ita
659 2562 695 2621 ut
722 2559 808 2640 ipsas
838 2577 962 2639 quoque
991 2559 1157 2636 orationes,
1181 2559 1272 2621 utin
1297 2558 1470 2640 scriptisac

280 2664 347 2728 suis
372 2663 568 2744 apertissime
593 2663 738 2741 affirmat,
772 2665 812 2728 ad
840 2665 918 2728 1111111
942 2665 1027 2728 aliud
1052 2664 1244 2728 adhibendas
1269 2665 1424 2746 opinetur,

278 2769 339 2832 nisi
362 2773 398 2832 ut
421 2771 513 2833 nobis¹
535 2771 676 2833 doctrina
700 2771 795 2840 etiam
820 2772 928 2834 diuina
950 2771 1142 2835 reuelationc
1167 2771 1333 2852 aperiatur,
1362 2789 1423 2834 non

277 2879 314 2938 ut
338 2876 506 2938 adiuuetur
529 2895 617 2939 mens
642 2877 789 2954 hominis,
823 2882 859 2940 ut
882 2879 914 2941 id
939 2878 1023 2960 quod
1046 2878 1226 2942 faciendum
1250 2897 1320 2941 esse
1345 2877 1423 2940 didi-

278 2980 356 3044 cerit
383 2981 478 3043 etiam
507 2981 674 3045 dilectione
704 2987 735 3046 et
764 2987 885 3048 actione
913 2985 1063 3064 perficiat.
1098 2985 1136 3048 ab
1164 2983 1219 3047 illo
1251 2984 1334 3047 enim
1364 3002 1421 3048 suo

277 3086 536 3150 manifestissimo
570 3087 716 3169 dogmate
752 3109 813 3153 non
850 3091 968 3154 recedit
1005 3090 1142 3167 omnino,
1180 3090 1235 3153 ubi
1272 3091 1332 3153 tria
1367 3089 1423 3153 illa
1442 3109 1472 3180 aa·

276 3193 451 3267 constituit,
493 3193 751 3274 possibilitatem,
792 3196 1002 3274 uoluntatem,
1044 3197 1210 3274 actionem,
1253 3199 1286 3258 et
1322 3197 1421 3260 solam

275 3298 521 3381 possibilitatem
542 3299 617 3362 dicit
637 3299 743 3364 diuino
764 3301 907 3364 adiuuari
927 3322 1050 3384 semper
1073 3303 1199 3380 auxilio,
1222 3303 1422 3366 uoluntatem

276 3408 382 3466 autem
402 3408 434 3466 et
453 3404 607 3468 actionem
627 3405 713 3468 nullo
735 3407 784 3469 dci
799 3407 953 3472 adiutorio
970 3409 1129 3472 existimat
1143 3408 1294 3492 indigere.
1314 3409 1421 3490 ipsum

275 3528 349 3572 uero
374 3509 535 3587 auxilium,
552 3505 621 3591 'quo
646 3512 890 3592 possibilitatem
909 3516 1084 3578 naturalem
1103 3516 1247 3597 perhibet
1266 3515 1420 3592 adiuuari,

274 3616 306 3677 in
333 3616 404 3697 lege
433 3616 598 3679 constituit
626 3620 720 3698 atquc
750 3619 898 3696 doctrina,
933 3640 1025 3701 quam
1054 3621 1144 3684 nobis
1178 3623 1297 3685 fatetur
1325 3622 1420 3684 etiam
1440 3645 1467 3684 1ο

311 3875 326 3926 2
346 3862 403 3941 spur
422 3876 458 3926 M
545 3879 561 3929 4
581 3893 645 3930 11111
664 3879 721 3930 Ista
741 3879 840 3946 torcipit
859 3897 920 3947 cop.
940 3881 1000 3933 XLI
1019 3882 1034 3933 b
1123 3883 1139 3934 8
1159 3881 1270 3935 arbitrio
1290 3899 1376 3952 nuper
1394 3883 1422 3935 P

277 3963 309 4014 lo
333 3962 457 4028 integrae
480 3963 517 4014 M
616 3965 647 4015 la
672 3964 713 4016 his
738 3967 757 4033 (i
780 3967 811 4018 111
834 3971 900 4034 roa.)
924 3968 960 4020 M
1066 3973 1094 4020 et
1117 3969 1167 4022 hos
1186 3969 1241 4036 legi
1259 3974 1421 4038 repetuntur

273 4049 348 4102 tao
438 4051 536 4103 sosio
625 4053 658 4104 20
678 4057 709 4105 ut
728 4055 776 4106 alt.
797 4071 846 4106 (1111.
866 4056 903 4106 M
990 4059 1023 4110 26
1044 4059 1141 4110 uolunt
1160 4063 1188 4110 et
1211 4057 1237 4110 V
1322 4060 1419 4127 solam]

273 4138 370 4190 uolunt
398 4137 423 4188 V
511 4140 544 4192 27
574 4156 679 4208 semper
707 4143 829 4195 adiuuari
854 4143 868 4195 b
978 4145 1073 4198 uolunt
1097 4146 1124 4197 in
1153 4147 1246 4214 primis
1276 4151 1303 4200 et
1332 4149 1419 4201 actic-

273 4244 334 4280 nem
359 4225 384 4276 V
