3388 4946
270 356 335 418 212
626 349 652 403 S.
680 349 818 405 Aureli
845 350 1067 420 Augustini

270 550 365 630 atque
392 546 575 610 firmissima
608 543 783 610 catholicae
815 544 888 610 fidei
920 547 1030 630 regula
1062 547 1250 625 continetur,
1282 547 1338 611 isti
1366 567 1419 612 no·

270 653 349 718 uelli
372 657 404 718 et
426 652 568 738 peruersi
591 651 750 736 dogmatis
774 651 962 731 adsertores,
987 653 1042 735 qui
1060 652 1138 717 nihil
1156 653 1280 735 peceati
1299 673 1369 717 esse
1388 655 1420 717 in

270 761 412 844 paruulis
432 759 551 835 dieunt,
571 758 656 840 quod
674 757 802 823 lauacro
816 758 1064 841 regenerationis
1083 759 1241 838 abluatur,
1256 762 1420 843 tamquam

271 868 457 931 damnemus
481 865 608 948 nuptias
634 867 666 928 eb
694 867 858 946 tamquam
887 883 967 947 opus
996 864 1057 942 dei,
1084 865 1144 930 hoo
1173 868 1223 930 est
1246 865 1418 943 homiuem,

271 973 325 1056 qui
349 993 385 1036 er
407 972 472 1036 illis
496 971 647 1047 nascitur,
672 989 752 1054 opus
777 971 896 1036 diaboli
915 990 986 1035 osse
1005 970 1159 1050 dieamus,
1178 972 1350 1038 infideliter
1367 974 1419 1038 uel
1451 988 1465 1029 ⁵

270 1079 416 1162 imperite
440 1078 671 1143 calumniantur
698 1097 755 1142 neo
783 1077 963 1156 aduertunt,
987 1078 1072 1160 qood
1094 1078 1140 1142 ita
1162 1079 1344 1162 nuptiarum
1366 1081 1420 1144 ho-

271 1207 348 1251 num
370 1187 454 1251 malo
479 1185 635 1270 originali,
661 1184 746 1267 quod
768 1184 841 1248 indo
869 1183 1015 1261 trahitur,
1043 1205 1104 1250 non
1131 1189 1240 1268 potest
1268 1187 1420 1265 aeonsari,

272 1295 356 1358 siout
373 1291 601 1357 adulteriorum
621 1295 653 1355 et
671 1275 914 1356 fornioationum
934 1293 1054 1356 malum
1073 1292 1156 1358 bono
1175 1293 1322 1372 naturali,
1337 1294 1421 1376 quod

270 1399 344 1463 inde
367 1399 518 1475 nascitur,
543 1417 604 1462 non
628 1399 735 1480 potest
759 1395 909 1461 excusari.
935 1416 1008 1460 narn
1031 1396 1117 1463 siout
1143 1401 1321 1480 peecatum,
1350 1399 1420 1464 siue

270 1505 344 1570 hino
368 1505 436 1569 siue
459 1504 532 1568 inde
557 1523 573 1568 a
595 1502 739 1586 paruulis
759 1503 911 1580 trahatur,
932 1522 1012 1585 opus
1032 1507 1081 1568 est
1100 1503 1228 1582 diaboli,
1249 1505 1419 1583 sichomo,
1439 1523 1466 1563 10

271 1611 341 1676 siue
363 1610 437 1675 hino
455 1611 525 1675 siue
542 1609 615 1674 inde
635 1612 792 1686 nascatur,
813 1628 892 1692 opus
913 1612 962 1674 ost
981 1609 1041 1675 dei.
1061 1610 1195 1675 intentio
1209 1611 1309 1695 igitur
1323 1612 1434 1677 huius*

265 1716 345 1781 libri
367 1715 445 1780 haee
473 1719 534 1794 est,
561 1718 608 1792 ut,
637 1717 792 1796 quantum
820 1733 877 1778 nos
906 1715 1053 1780 dominus
1081 1717 1232 1782 adiuuare
1261 1716 1418 1802 dignatur,

267 1823 407 1888 :earnalis
432 1821 705 1903 oonoupisoentiae
728 1821 859 1898 malum,
882 1824 1011 1904 propter
1038 1821 1124 1904 quod
1150 1823 1256 1902 horno,
1285 1824 1341 1906 qui
1366 1844 1421 1906 por

264 1929 359 1995 'illam
378 1928 528 2007 nascitur,
542 1927 642 1994 trahit
656 1927 808 2011 originale
823 1930 1001 2010 peceatum,
1017 1927 1233 1993 discernimus
1248 1929 1420 1994 abonitato

265 2035 464 2119 nuptiarum.
488 2035 565 2101 haee
589 2034 672 2100 enim
704 2053 784 2117 quae
808 2035 846 2099 ab
870 2035 1109 2117 impudentibus
1132 2035 1333 2118 impudenter
1353 2037 1420 2100 lau·
1438 2053 1464 2096 rs

271 2141 367 2206 datur
400 2140 547 2224 pudenda
586 2142 842 2223 eoncupiscentia
878 2143 967 2206 nulla
1000 2144 1094 2220 osset,
1126 2142 1189 2208 nisi
1220 2143 1316 2208 homo
1349 2145 1420 2208 ante

265 2251 447 2332 peouasset,
470 2248 598 2330 nuptiae
622 2267 697 2313 uero
722 2251 836 2327 essent,
859 2248 986 2316 etiamsi
1008 2267 1100 2314 nemo
1124 2253 1302 2332 peccasses
1331 2251 1421 2334 fieret

265 2355 388 2438 squippe'
419 2353 485 2418 sine
513 2354 575 2419 isto
604 2355 712 2420 morbo
742 2353 909 2419 seminatio
937 2354 1075 2420 tiliorum
1107 2355 1139 2419 iu
1171 2365 1299 2438 eorpor'e
1331 2358 1417 2422 uitae

271 2461 371 2538 illius,
390 2461 458 2526 sine
478 2479 539 2542 quo
559 2479 642 2526 nune
665 2459 733 2524 fieri
756 2471 822 2525 non
843 2463 949 2543 potest
971 2461 1002 2526 in
1028 2469 1156 2543 corpore
1177 2464 1288 2530 mortis
1311 2464 1417 2530 huius.

264 2597 269 2612 ¹
309 2568 357 2634 Π.
378 2569 409 2635 2.
429 2565 617 2632 (iurantem
637 2567 677 2630 ad
694 2569 726 2632 te
745 2567 947 2650 potissimum
969 2567 1007 2632 da
1025 2568 1084 2632 hoo
1102 2588 1135 2634 rs
1154 2569 1290 2634 seribere
1309 2571 1418 2636 uolue-
1435 2587 1462 2627 20

269 2674 341 2753 rim,
364 2676 429 2737 tres
451 2673 605 2738 maximae
633 2692 747 2738 causae
777 2677 861 2752 sunt,
890 2681 968 2756 quas
996 2673 1136 2739 breuiter
1162 2675 1325 2744 intimabo.
1355 2695 1418 2740 una

268 2782 332 2858 est,
346 2780 430 2862 *quia
448 2779 583 2844 donante
603 2779 729 2845 Christo
749 2799 863 2862 magns
881 2780 941 2844 tibi
960 2783 1010 2844 est
1028 2780 1228 2846 obseruantia
1239 2782 1417 2865 ‘pudicitiae

263 3051 265 3054 ⁵
360 3091 376 3144 o
396 3107 418 3145 0.
437 3091 488 3144 rur.
507 3091 564 3144 rer.
584 3091 627 3144 111
645 3093 680 3146 ro
699 3092 924 3160 (ura-exosas)
1015 3050 1101 3163 sop.
1121 3093 1231 3163 impu
1250 3095 1284 3148 23
1305 3099 1415 3162 (oam-

273 3179 327 3246 deab
428 3180 460 3233 15
480 3196 502 3233 o.
521 3179 572 3234 Iul.
592 3180 650 3236 Pel.
669 3180 711 3234 ΙΙΙ
730 3181 765 3234 64
783 3181 1130 3250 (boec-conoupisoantia)
1213 3183 1246 3236 17
1265 3182 1301 3237 ib.
1321 3185 1416 3240 11159

271 3267 486 3340 (fieret-flamus)
542 3268 575 3322 19
599 3267 632 3322 of.
652 3269 728 3325 Rom.
749 3270 773 3338 7,
792 3269 827 3322 24
846 3329 847 3334 ἵ
886 3331 888 3336 ¹

308 3441 477 3496 idoematis
496 3442 550 3496 ΚΒ
656 3444 760 3512 peccati
780 3445 849 3513 esse]
869 3443 987 3514 peccatis
1006 3446 1033 3498 A
1119 3447 1290 3517 Stamquanr
1310 3465 1343 3502 m.
1363 3447 1419 3502 18

272 3531 540 3586 8sieut-eroussri
563 3532 594 3585 in
616 3548 666 3600 mp.
691 3531 804 3587 odos
914 3533 1097 3588 adulterorum
1122 3535 1227 3590 orum
1333 3537 1417 3591 iorni-

272 3622 387 3674 oantum
407 3618 461 3674 OE
555 3621 585 3673 11
612 3619 656 3674 dei
679 3624 722 3674 e'st
743 3621 894 3676 MSWAm
981 3624 1085 3692 'igitur
1107 3625 1206 3680 om.S
1294 3626 1328 3680 12
1350 3626 1417 3680 haee

263 3708 325 3776 est]
345 3709 387 3759 est
404 3706 455 3760 hoo
474 3707 631 3762 BMWAm
650 3712 692 3762 est
709 3709 810 3780 haeop
899 3710 934 3764 ad
953 3715 1082 3782 quantum
1101 3713 1129 3768 R
1202 3715 1234 3768 13
1254 3715 1421 3768 earnalesK

261 3796 307 3850 -15
331 3794 546 3866 impudentibus]
570 3796 778 3866 inprudentibus
800 3799 891 3853 KPN
993 3799 1139 3856 laudantur
1159 3801 1183 3856 0
1271 3805 1304 3858 19
1323 3806 1418 3858 mortis

272 3883 364 3952 huius]
384 3899 438 3937 non
458 3885 528 3938 enim
543 3902 639 3955 corpus
653 3887 747 3941 mortis
762 3887 841 3942 huius
856 3890 884 3942 in
903 3888 1029 3958 paradiso
1048 3889 1103 3944 tale
1122 3890 1176 3945 fuit
1194 3895 1258 3946 ante
1275 3896 1418 3962 peecatum

262 3974 382 4041 propter
401 3973 472 4041 qnod
491 3973 605 4028 diximus
624 3975 652 4030 in
672 3991 783 4046 corpore
802 3977 859 4048 uitg
872 3978 949 4034 illius
968 3993 1020 4050 que
1040 3978 1079 4032 ibi
1097 3983 1156 4034 erat
1173 3981 1231 4035 sine
1249 3981 1304 4036 isto
1323 3981 1417 4036 morbo

261 4060 479 4116 seminationem
502 4063 624 4133 potuisse
647 4063 706 4118 deri
729 4065 846 4120 filiorum
870 4067 928 4120 sino
951 4083 1003 4136 quo
1031 4083 1102 4122 nuno
1129 4068 1158 4122 in
1186 4085 1295 4138 corporo
1322 4071 1417 4126 mortis

271 4149 355 4204 huius
371 4151 429 4204 fieri
446 4167 501 4206 non
520 4155 610 4221 potost
629 4153 694 4210 add.
714 4153 864 4219 KRVPNr
883 4156 918 4223 os.
938 4155 985 4212 lab.
1004 4156 1044 4212 II
1062 4160 1080 4212 6
1110 4166 1113 4172 '
1155 4158 1188 4212 21
1208 4159 1330 4214 maxime·
1335 4177 1416 4230 prop.

273 4237 457 4307 Ebopelbreobt
509 4241 544 4294 22
562 4257 663 4310 magna
681 4245 722 4296 est
740 4242 792 4297 tibi
810 4243 838 4296 P
