3410 4952
295 367 359 430 252
653 363 679 414 S.
709 359 844 416 Aureli
872 359 1088 428 Augustini
1173 373 1176 378 '

297 557 373 640 quid
405 557 465 622 tibi
496 557 627 640 prodest
659 575 720 622 non
753 559 895 620 metuere
920 555 1004 638 quod
1036 553 1096 620 tibi
1127 554 1174 630 fit,
1207 558 1244 622 ut
1272 554 1442 619 salubriter

296 666 429 741 metuas,
463 667 495 729 et
526 667 557 727 te
590 663 750 728 hominem
784 662 862 726 facis
897 680 978 740 esse,
1010 681 1070 727 non
1098 657 1246 741 bestiam,
1275 679 1356 745 quae
1383 661 1441 726 cir·

297 769 465 834 cumdatur
489 769 613 854 pennis,
643 773 680 834 ut
713 772 844 853 cogatur
871 769 903 832 in
935 769 1037 834 retia?
1070 787 1149 851 opus
1183 771 1260 848 erat,
1293 771 1330 833 ut
1361 769 1442 833 ueri-

295 879 393 940 tatem
429 879 553 941 teneres
588 875 720 958 eiusque
755 875 860 940 studio
892 895 954 940 non
986 877 1132 951 timerem
1170 895 1253 940 nunc
1285 893 1360 939 uero
1396 875 1443 940 ita

295 1001 356 1046 non
394 982 499 1058 times,
537 985 584 1061 ut,
622 981 649 1046 si
686 983 824 1057 timeres,
864 981 1012 1048 euaderes
1045 983 1153 1065 potius
1190 982 1268 1048 retia
1304 981 1442 1066 maligna
1472 1000 1485 1042 ε

297 1109 390 1172 quam
419 1089 604 1154 incurreres.
638 1095 738 1154 mater
766 1089 921 1154 catholica
943 1092 975 1154 te
1002 1089 1072 1156 ideo
1096 1092 1203 1169 terret,
1231 1088 1306 1172 quia
1328 1091 1360 1153 et
1383 1087 1440 1152 tibi

295 1199 327 1260 et
365 1195 435 1261 aliis
469 1216 487 1260 a
518 1199 550 1260 te
582 1196 686 1274 timet,
725 1200 757 1260 et
790 1195 817 1260 si
845 1215 900 1280 per
927 1195 1010 1261 filios
1043 1204 1118 1262 suos
1151 1197 1183 1261 in
1216 1195 1324 1278 aliqua
1355 1198 1441 1278 pote·

296 1305 377 1367 state
410 1303 533 1385 positos
566 1303 633 1387 agit
664 1306 701 1368 ut
732 1304 857 1380 timeas,
894 1321 954 1368 non
990 1303 1024 1368 id
1056 1303 1124 1386 agit
1155 1302 1353 1380 crudelitate,
1387 1299 1442 1365 sed

296 1408 436 1473 caritate.
469 1413 506 1474 tu
538 1412 644 1474 autem
674 1409 725 1474 uir
756 1410 951 1474 fortissimus
979 1411 1090 1475 timere
1118 1409 1262 1475 homines
1289 1408 1442 1493 ignauum

295 1517 398 1598 putas.
426 1515 520 1580 deum
549 1535 622 1601 ergo
646 1517 723 1581 time
747 1520 779 1581 et
801 1517 866 1582 noli
889 1517 1019 1601 antiqua
1041 1517 1115 1584 fidei
1139 1517 1313 1582 catholicae
1332 1513 1441 1579 funda·
1459 1534 1485 1574 ιο

295 1626 403 1687 menta
432 1623 536 1687 conari
568 1626 656 1687 tanta
689 1623 901 1688 obstinatione
930 1625 1125 1693 subuertere.
1158 1642 1349 1708 quamquam
1380 1621 1441 1685 iste

298 1731 374 1794 tuus
399 1731 522 1794 animus
552 1730 713 1794 animosus
740 1730 863 1794 utinam
888 1732 1001 1795 saltem
1028 1731 1061 1796 in
1089 1732 1148 1796 hac
1176 1750 1272 1796 causa
1298 1727 1441 1795 homines

296 1837 433 1919 timeret,
458 1836 592 1912 utinam,
616 1835 756 1918 inquam,
778 1837 891 1900 saltem
915 1840 1045 1920 paueret
1067 1836 1196 1922 ignauia
1215 1855 1308 1919 quam
1326 1834 1445 1919 periret

299 1943 444 2010 audacia!

340 2049 414 2117 1111.
454 2051 505 2114 10.
539 2047 713 2114 Videamus
751 2053 783 2114 et
820 2051 925 2114 cetera
963 2069 1042 2134 quae
1081 2050 1229 2116 conectit.
1267 2049 1325 2116 sed
1367 2049 1442 2132 quid
1461 2063 1486 2106 ιδ

296 2157 432 2222 faciam?
455 2160 561 2221 utrum
595 2155 722 2240 singula
755 2156 823 2221 eius
856 2175 1038 2238 proponam,
1073 2156 1188 2239 quibus
1224 2158 1441 2240 respondeam,

297 2285 335 2330 an
368 2265 424 2328 eis·
445 2262 687 2346 praetermissis
722 2281 802 2346 quae
835 2262 990 2327 catholica
1011 2263 1100 2328 fides
1129 2263 1277 2343 continet,
1306 2282 1342 2328 ea
1375 2264 1443 2328 sola

296 2372 485 2455 pertractem
522 2372 617 2460 atque
655 2370 827 2446 confutem,
865 2369 897 2432 in
934 2369 1050 2451 quibus
1083 2389 1101 2433 a
1133 2369 1261 2434 tramite
1296 2370 1441 2435 ueritatis

297 2477 451 2543 exorbitat
487 2479 520 2541 et
555 2476 709 2542 haeresim
747 2475 950 2559 Pelagianam
988 2480 1151 2558 tamquam
1188 2495 1346 2541 uenenosa
1381 2477 1443 2540 uir-

298 2584 387 2670 gulta
423 2582 593 2648 fruticibus
636 2582 803 2647 catholicis
841 2587 973 2646 conatur
1013 2583 1172 2647 inserere?
1213 2583 1273 2648 lroc
1314 2583 1442 2665 quidem
1459 2597 1486 2636 ¹0

297 2694 380 2756 certe
421 2689 551 2754 breuius
594 2691 653 2753 est.
696 2689 752 2754 sed
792 2689 1047 2772 prospiciendum
1089 2689 1235 2764 arbitror,
1277 2707 1315 2753 ne
1358 2690 1442 2773 quis·

299 2816 392 2880 quam
418 2797 498 2860 libro
529 2813 599 2859 meo
627 2796 711 2859 lecto
740 2798 772 2859 et
803 2815 865 2860 non
897 2795 989 2860 lectis
1022 2796 1179 2874 omuibus,
1205 2814 1285 2878 quae
1319 2796 1357 2860 ab
1384 2796 1440 2859 illo

298 2903 383 2968 dicta
416 2907 499 2980 sunt,
529 2901 689 2966 existimet
721 2921 758 2966 ea
789 2922 839 2966 me
871 2921 1044 2986 proponere
1076 2903 1228 2980 noluisse,
1257 2921 1293 2967 ex
1325 2901 1440 2987 quibus

296 3011 360 3075 ista
383 3009 451 3073 eius
475 3008 612 3090 pendent
636 3012 667 3072 et
691 3027 726 3071 ex
751 3009 866 3091 quibus
895 3009 985 3092 quasi
1014 3013 1242 3092 consequenter
1268 3027 1343 3074 uera
1370 3027 1440 3074 esse

298 3117 523 3194 monstrantur,
548 3133 627 3196 quae
654 3114 736 3179 falsa
762 3114 926 3198 redarguo.
955 3133 1015 3180 non
1041 3102 1149 3199 itaque
1176 3117 1285 3201 pigeat
1307 3121 1441 3199 utraque
1458 3135 1485 3177 ra

297 3222 374 3287 huic
406 3220 560 3303 opusculo
593 3223 701 3285 nostro
733 3221 842 3299 indita,
872 3226 903 3285 et
931 3241 967 3286 ea
995 3223 1128 3302 seilicet,
1153 3243 1234 3306 quae
1265 3223 1320 3288 ille
1353 3221 1439 3300 dixit,

299 3333 331 3394 et
354 3347 399 3406 ea,
424 3346 505 3409 quae
527 3326 596 3409 ipse
618 3327 802 3409 respondeo,
826 3329 975 3394 uniuersa
998 3329 1165 3395 adtendere
1190 3334 1221 3394 et
1244 3329 1440 3394 considerare

296 3437 459 3502 lectorem.
1012 3437 1015 3442 '

336 3733 348 3784 1
374 3749 428 3784 non
451 3730 562 3801 prodest
585 3731 613 3783 B
754 3731 838 3802 prode
862 3737 903 3786 est
929 3733 955 3786 T
980 3733 1103 3803 prodeest
1125 3734 1158 3787 Κ
1298 3734 1363 3803 quid
1388 3733 1442 3786 CN

298 3820 314 3873 2
332 3824 439 3874 metuas
457 3836 508 3875 om.
532 3820 558 3874 Τ
627 3819 694 3875 facis
715 3821 885 3885 CTEKRB,
905 3839 938 3876 m.
954 3825 970 3874 1
987 3821 1042 3876 VF
1057 3823 1139 3877 iacias
1153 3822 1356 3893 PMSWAmp,
1370 3841 1404 3876 m.
1420 3825 1440 3875 2

303 3909 357 3964 VF
371 3909 475 3964 facitd
527 3911 643 3964 uestium
667 3909 809 3964 Thestias
828 3913 855 3965 A
914 3912 1039 3982 3pinnis
1062 3911 1266 3968 TFEKRVbd
1326 3913 1437 3982 4uero]

299 4015 401 4070 ergop
445 3998 681 4068 dmaligniMbd
725 3997 821 4052 dideo
839 3999 906 4053 teS
959 4000 1062 4054 iasO
1124 4018 1171 4071 per
1189 3989 1273 4072 omps
1334 4001 1439 4070 positos

298 4092 435 4160 potestate
458 4087 656 4142 TFEKRPN
751 4088 826 4141 duit
844 4087 891 4141 Sm
998 4091 1038 4144 ait
1056 4107 1082 4144 m
1174 4092 1207 4144 12
1226 4091 1322 4145 saltem
1341 4105 1392 4144 om.
1411 4089 1441 4142 Ε

301 4177 333 4232 13
353 4179 476 4246 paueret]
494 4177 604 4230 timeret
621 4175 654 4230 N
741 4177 774 4230 15
794 4179 822 4230 et
840 4192 930 4247 emp
1034 4179 1162 4232 lateret
1184 4179 1223 4232 W
1314 4179 1349 4232 20
1368 4177 1438 4232 sruc-

298 4265 400 4320 ticibus
420 4264 535 4319 m.1E
587 4263 621 4320 23
641 4279 741 4320 eeom.
761 4264 789 4317 P
841 4265 874 4320 25
894 4264 1097 4336 redargutioA
1170 4265 1286 4338 pieatS
