3388 4946
425 345 466 399 de
494 337 650 414 nuptiis
678 346 715 397 et
743 334 1077 412 concupiscent-ia
1102 339 1117 393 I
1145 341 1234 396 9-10
1332 341 1395 406 221

246 541 382 607 Christo.
411 539 495 622 quod
524 539 551 604 si
579 531 770 622 promuerit,
798 556 919 602 merces
948 535 1008 601 erit
1035 531 1073 600 d'e
1105 536 1253 620 coniugio
1286 537 1396 618 plenae

244 647 422 723 felicitatis3
447 646 474 712 si
499 649 605 710 autem
629 665 690 710 non
713 644 902 727 promuerit,
927 662 986 728 pax
1010 643 1071 707 erit
1089 643 1278 726 coniugibus
1295 645 1396 709 bonae

244 753 431 818 uoluntatis.
460 753 519 818 hac
545 753 720 817 intentione
749 751 853 816 cordis
882 743 940 832 qui'
964 769 1059 814 suum
1086 768 1144 814 nas
1176 750 1330 831 possidet,
1362 752 1397 816 id

246 865 296 925 est
324 860 491 944 coniugem
521 877 622 937 suam,
650 859 762 941 procul
795 857 890 922 dubio
923 875 985 922 non
1016 856 1161 939 possidet
1192 857 1230 920 in
1263 859 1394 922 morbo

206 988 227 1028 c
246 966 453 1045 desiderii,
477 966 588 1030 sicut
617 969 760 1050 gentes
786 983 885 1047 quae
908 963 1102 1046 ignorant
1125 963 1249 1041 deum,
1275 964 1332 1028 sed
1355 964 1393 1028 in

246 1073 589 1139 sanctificatione
618 1074 657 1136 et
684 1071 846 1149 honore,
876 1071 960 1134 sicut
987 1069 1097 1134 fideles
1126 1069 1180 1152 qui
1209 1075 1336 1152 sperant
1362 1072 1393 1136 in

245 1177 350 1244 deum.
387 1172 442 1245 illo
481 1179 597 1262 quippe
634 1178 910 1263 concupiscentiae
943 1178 1028 1242 malo
1061 1178 1163 1242 utitur
1194 1177 1300 1258 homo,
1333 1197 1394 1242 non

244 1285 395 1364 uincitur,
433 1285 557 1368 quando
595 1305 664 1350 eam
700 1284 886 1350 inordinatis
919 1285 1013 1366 atque
1055 1283 1212 1348 indecoris
1253 1285 1393 1350 motibus

245 1395 442 1456 aestuantem
470 1392 572 1456 frenat
599 1395 631 1455 et
659 1391 787 1456 cohibet
813 1410 915 1474 neque
943 1390 1006 1454 nisi
1032 1390 1197 1476 propagini
1225 1391 1393 1458 consulens

202 1519 227 1560 ro
244 1497 364 1562 relaxat
387 1502 481 1579 atque
510 1495 649 1576 adhibet,
683 1501 719 1563 ut
751 1497 935 1580 spiritaliter
966 1489 1196 1580 regenerandos
1228 1497 1395 1562 carnaliter

244 1604 366 1688 gignat,
394 1622 455 1668 non
482 1605 519 1668 ut
547 1604 695 1687 spiritum
723 1604 809 1669 carni
838 1603 965 1669 sordida
992 1603 1147 1668 seruitute
1175 1603 1322 1668 subiciat.
1347 1604 1393 1670 sic

243 1712 351 1793 patres
384 1704 512 1774 sanctos
546 1729 582 1774 ox
609 1711 769 1776 Abraham
803 1713 835 1774 et
866 1713 938 1774 ante
965 1709 1134 1787 Abraham,
1167 1711 1282 1792 quibus
1315 1710 1393 1776 deus

244 1815 330 1897 quod
361 1815 390 1880 ei
422 1817 599 1897 placuerint
630 1811 776 1900 perhibet
806 1815 1038 1894 testimonium,
1070 1835 1146 1881 usos
1183 1818 1284 1883 fuisse
1322 1837 1393 1884 con-

243 1921 372 2006 iugibus
404 1923 562 1988 neminem
595 1926 719 2006 oportet
751 1922 895 1986 dubitare
924 1921 1141 2002 christianum,
1172 1925 1295 2006 quando
1325 1927 1393 2008 qui·

202 2050 227 2090 rs
244 2027 379 2092 busdam
403 2028 496 2094 etiam
521 2030 660 2114 singulis¹
680 2029 787 2113 plures
810 2028 926 2094 habero
949 2046 1135 2093 concessum
1161 2034 1220 2108 est,
1239 2031 1294 2096 ubi
1311 2034 1391 2097 ratio

243 2133 305 2198 fuit
326 2135 718 2219 prolis-multiplicandae,
741 2155 803 2201 non
826 2135 995 2200 uariandac
1022 2135 1391 2222 adpetitio-uoluptatis.

288 2241 392 2306 VIIII.
418 2244 468 2308 10.
491 2241 573 2306 Nam
596 2243 625 2306 si
648 2242 706 2308 deo
729 2245 856 2324 patrum
878 2245 1068 2322 nostrorum,
1092 2244 1147 2326 qui
1172 2244 1266 2308 etiam
1285 2249 1393 2310 noster

244 2349 303 2424 est,
335 2348 391 2412 illa
421 2349 633 2414 numerositas
667 2349 839 2432 coniugum
872 2352 1037 2432 propterea
1067 2367 1128 2414 non
1162 2350 1390 2433 displicuisset,

242 2457 280 2517 ut
303 2451 463 2536 copiosius
488 2475 522 2521 so
545 2455 643 2520 libido
666 2455 808 2533 iactaret,
832 2455 878 2518 ita
901 2456 996 2519 etiam
1020 2461 1146 2521 sanctae
1170 2457 1304 2522 feminae
1328 2477 1390 2523 ser·

198 2574 226 2623 ao
242 2560 367 2625 dissent
392 2562 537 2644 pluribus
566 2561 721 2646 singulae.
755 2560 838 2644 quod
867 2561 896 2625 si
923 2561 1030 2644 aliqua
1056 2563 1184 2644 faceret,
1213 2565 1289 2646 quid
1321 2584 1390 2628 eam

241 2665 304 2730 nisi
336 2669 612 2751 concupiscentiae
644 2667 808 2752 turpitudo
847 2669 1050 2751 conpelleret,
1087 2672 1124 2733 ut
1159 2671 1267 2752 plures
1304 2673 1390 2736 uiros

242 2771 381 2853 haberet,
410 2773 534 2856 quando
562 2775 625 2839 ista
651 2775 781 2840 licentia
799 2775 916 2858 plures
947 2775 1030 2841 filios
1062 2794 1123 2839 non
1154 2776 1305 2842 haberet?
1336 2795 1391 2842 ue-

241 2882 419 2944 rumtamen
451 2882 552 2966 magis
585 2881 741 2965 pertinere
773 2881 813 2944 ad
844 2880 1026 2964 nuptiarum
1055 2881 1176 2946 bonum
1204 2903 1265 2947 non
1291 2904 1390 2948 unum

244 2988 276 3049 et
307 2989 437 3064 multas,
471 2989 526 3052 sed
558 3007 657 3052 unum
685 2991 718 3053 et
745 3007 839 3051 unam
867 2988 945 3052 satis
973 2987 1093 3052 indicat
1119 2988 1189 3072 ipsa
1216 2989 1318 3072 prima
1345 2991 1390 3055 di-

331 3231 348 3283 4
367 3229 400 3282 cf.
420 3229 513 3284 Thess.
532 3232 558 3295 4,
577 3233 601 3285 5.
621 3234 639 3285 4
773 3233 803 3284 ll
825 3230 858 3284 cf.
879 3247 900 3284 c.
920 3230 1051 3284 Faustum
1069 3231 1088 3286 l.
1107 3231 1197 3316 xxm
1218 3249 1240 3288 c.
1259 3233 1311 3314 Iul.
1330 3233 1387 3288 Pel.

242 3315 267 3370 V
284 3317 319 3372 45
445 3323 448 3328 ‘

280 3442 410 3496 lmercis
428 3442 461 3496 K
530 3444 825 3515 merces-prouenerit
843 3460 894 3497 om.
913 3443 941 3496 B
1031 3441 1166 3516 dqupT
1255 3443 1341 3498 'Ideo
1359 3444 1392 3499 N

243 3529 260 3584 8
278 3529 398 3584 moribus
416 3531 444 3586 R
507 3533 524 3586 9
543 3531 712 3606 propagandi
729 3533 758 3588 R
775 3521 924 3603 propagine
946 3523 972 3585 Τ
982 3523 1178 3602 ⁴propagationi
1196 3533 1224 3586 P
1281 3534 1314 3588 10
1333 3535 1388 3604 api·

243 3617 380 3672 ritualiter
398 3619 454 3672 ΕΡ
544 3621 574 3674 11
596 3621 760 3691 gignantT
852 3622 939 3676 carnis
959 3621 1076 3675 KRPN
1091 3621 1177 3686 carnia
1201 3622 1228 3676 V
1243 3623 1344 3676 carnali
1366 3623 1392 3677 Τ

244 3705 352 3777 sordide
375 3705 401 3760 T
480 3709 621 3762 seruitutis
644 3710 669 3763 Τ
686 3711 802 3764 seruitus
820 3710 993 3781 MSWArrrp
1068 3711 1206 3766 subiciant
1224 3712 1252 3782 (n
1271 3727 1292 3766 a.
1312 3712 1341 3781 1.)
1366 3712 1392 3766 Τ

244 3795 277 3847 12
297 3796 339 3864 ex]
361 3797 389 3848 et
406 3795 583 3868 BMWAmp
601 3797 695 3853 oras
745 3799 894 3853 habraham
909 3816 955 3869 pr.
970 3798 1026 3854 Ka
1060 3800 1093 3853 13
1113 3800 1150 3870 ei]
1169 3801 1245 3854 etT
1296 3802 1388 3872 placu-

244 3879 296 3937 erit
318 3884 370 3936 T·
412 3883 519 3954 peribat
541 3886 566 3938 Τ
635 3888 748 3941 usuaT
801 3890 835 3941 14
854 3887 978 3942 dubitare
998 3906 1048 3943 om.
1067 3889 1106 3943 W
1174 3890 1257 3944 etiam
1277 3891 1387 3959 quibus·

244 3971 305 4025 darn
324 3973 351 4025 A
397 3974 430 4028 15
450 3967 605 4029 concessum
624 3976 783 4029 esthabere
802 3994 828 4028 m
875 3978 908 4030 16
928 3979 1085 4032 uarieandae
1103 3979 1137 4033 K
1197 3981 1347 4034 uoluntatis
1361 3980 1389 4036 R

245 4061 278 4115 19
297 4062 337 4132 ut]
357 4062 430 4132 quod
448 4063 477 4116 P
547 4063 601 4117 etia
619 4064 652 4116 K
703 4065 737 4118 20
756 4065 919 4134 plurioribus
938 4065 996 4121 KR
1069 4068 1142 4124 eaS
1194 4070 1227 4123 21
1247 4068 1387 4138 turpitudo

243 4151 477 4221 concupiscentiae
499 4152 524 4205 Τ
593 4154 628 4206 22
648 4153 906 4222 quando-baberet
924 4171 976 4209 om.
994 4173 1028 4210 nr.
1047 4159 1063 4208 1
1084 4157 1110 4209 Τ
1188 4157 1259 4212 filios
1275 4164 1308 4225 (a.
1328 4174 1386 4226 cap.

243 4240 326 4307 uiros)
344 4240 375 4295 E
426 4243 460 4296 24
479 4243 604 4312 primitus
626 4243 652 4296 T
691 4267 716 4280 *-
