3388 4946
293 341 355 403 182
651 335 676 390 S.
705 335 841 388 Aureli
868 333 1085 404 Augustini

292 531 395 596 dicere
412 532 573 597 incertam.
598 548 634 593 ac
657 548 713 612 per
730 529 800 607 hoc,
825 529 971 610 quamuis
991 533 1150 594 aeternam
1168 533 1302 594 mortem
1321 550 1435 612 paruu-

290 635 392 699 lorum
422 635 489 698 sine
517 634 718 716 baptismatis
748 636 943 698 sacramento
973 653 1009 698 ex
1041 634 1099 698 hac
1131 635 1199 698 uita
1231 635 1434 718 migrantium

291 745 396 824 aperte
420 741 557 805 uoluerit
580 741 732 819 confiteri,
756 744 861 804 tamen
887 740 924 804 de
948 741 1005 805 illo
1030 741 1277 806 sollicitudinem
1296 745 1433 806 nostram

292 847 383 929 quasi
402 850 487 911 certa
504 847 702 911 ratiocinatio
722 848 893 911 solabatur.
913 846 1098 911 dicebamus
1117 847 1215 912 enim:
1237 848 1264 912 si
1283 851 1435 930 perpetua

291 953 368 1031 uita,
393 953 477 1016 sicut
500 952 640 1017 confiteri
662 952 799 1029 uidetur,
823 952 885 1016 nisi
909 971 1016 1016 eorum
1038 952 1092 1034 qui
1111 952 1263 1035 baptizati
1282 955 1357 1016 suut
1374 972 1434 1016 non
1465 972 1478 1010 ⁵

290 1062 397 1141 potest
425 1078 505 1136 esse,
537 1058 677 1140 profecto
708 1077 760 1121 eos
789 1058 844 1140 qui
872 1057 1111 1139 conbaptizati
1140 1057 1319 1122 moriuntur
1349 1078 1434 1123 mors

290 1168 442 1248 perpetua
466 1167 686 1247 consequetur,
715 1164 799 1246 quod
822 1164 910 1228 nulla
933 1163 1057 1228 iustitia
1081 1163 1132 1228 dei
1159 1165 1267 1246 potest
1294 1164 1434 1229 accidere

291 1272 351 1342 his,
376 1271 533 1354 aquibus
557 1271 589 1334 in
613 1270 671 1334 hac
695 1271 763 1335 uita
790 1271 878 1335 nulla
905 1273 1034 1353 peccata
1062 1271 1232 1334 commissa
1260 1273 1344 1347 suut,
1373 1271 1436 1338 uisi

290 1381 418 1460 propter
440 1376 591 1460 originale
614 1380 791 1458 peccatum.

335 1485 418 1548 XXI.
443 1485 496 1548 23.
521 1482 583 1547 Sed
605 1485 717 1564 postea
740 1501 802 1547 non
828 1482 995 1547 defuerunt
1017 1482 1140 1560 fratres,
1170 1482 1224 1564 qui
1247 1502 1303 1547 nos
1328 1482 1480 1547 admo-10

291 1594 400 1654 nerent
422 1590 482 1654 hoc
504 1589 575 1654 ideo
601 1589 703 1653 dicere
726 1589 871 1670 potuisse
894 1588 1071 1672 Pelagium,
1096 1589 1171 1670 quia
1194 1588 1231 1652 de
1254 1588 1318 1652 ista
1342 1609 1434 1670 quae·

290 1698 392 1762 stione
404 1697 449 1761 ita
462 1697 646 1778 perhibetur
660 1696 775 1759 solitus
789 1694 976 1776 respondere
991 1695 1225 1776 quaerentibus,
1245 1698 1282 1759 ut
1301 1696 1433 1760 diceret:

290 1804 369 1868 ‘sine
387 1802 544 1884 baptismo
562 1801 689 1883 paruuli
707 1801 889 1879 morientes,
907 1821 968 1882 quo
987 1822 1048 1865 non
1068 1810 1149 1878 eant,
1170 1801 1249 1876 scio;
1270 1820 1332 1883 quo
1352 1806 1433 1879 eant,

290 1910 419 1974 nescio’:
444 1909 477 1972 id
505 1912 554 1973 est
581 1927 641 1972 non
669 1907 714 1972 ire
741 1907 772 1973 in
800 1927 933 1990 regnum
962 1909 1120 1972 caelorum
1153 1908 1232 1982 scio;
1268 1926 1329 1990 quo
1358 1928 1432 1973 uero

291 2020 372 2092 eant,
391 2015 461 2080 ideo
482 2034 515 2079 se
534 2015 656 2078 nescire
676 2014 801 2078 dicebat
819 2016 875 2077 aut
894 2013 981 2090 dicit,
1001 2014 1075 2096 quia
1094 2013 1196 2077 dicere
1215 2032 1276 2077 uon
1296 2013 1432 2078 audebat
1451 2036 1479 2076 1⁵

289 2123 320 2186 in
344 2126 479 2186 mortem
502 2121 575 2185 illos
598 2122 643 2185 ire
666 2123 862 2202 perpetuam,
887 2139 965 2202 quos
991 2123 1023 2184 et
1040 2120 1092 2184 hic
1111 2119 1190 2183 nihil
1209 2120 1285 2183 mali
1305 2121 1433 2184 commi-

291 2229 372 2293 sisse
395 2228 551 2293 sentiebat
574 2230 606 2291 et
624 2227 775 2311 originale
793 2227 925 2290 traxisse
944 2231 1108 2308 peccatum
1128 2246 1189 2291 uon
1208 2227 1432 2291 consentiebat.

289 2337 397 2418 itaque
422 2339 453 2399 et
475 2335 540 2400 ista
563 2335 631 2398 eius
655 2335 752 2398 uerba
774 2334 907 2397 Romam
931 2353 986 2416 pro
1015 2352 1129 2417 magna
1154 2333 1220 2397 eius
1243 2333 1433 2416 purgatione

289 2442 475 2506 transmissa
498 2443 563 2504 tam
588 2443 663 2504 sunt
680 2440 839 2523 ambigua,
863 2442 900 2502 ut
917 2440 1043 2521 possint
1061 2459 1169 2503 eorum
1189 2439 1329 2523 dogmati
1347 2458 1434 2523 prse-

289 2549 362 2612 bere
384 2549 529 2623 latibula,
554 2547 636 2612 nude
660 2547 699 2610 ad
721 2546 933 2610 insidiandum
951 2546 1097 2630 prosiliat
1114 2546 1290 2610 haereticus
1310 2565 1433 2624 seusus,
1453 2562 1481 2604 ao

290 2653 414 2737 quando
444 2654 531 2718 nullo
566 2655 728 2729 existente,
762 2653 816 2735 qui
843 2653 950 2716 ualeat
980 2653 1178 2734 respondere,
1210 2655 1372 2734 tamquam
1400 2652 1432 2716 in

290 2761 461 2826 solitudine
486 2760 600 2841 aliquis
624 2760 785 2824 inuenitur·
807 2759 961 2826 infirmus

336 2868 388 2930 24.
413 2867 481 2930 Iam
504 2886 579 2931 uero
604 2868 635 2929 in
658 2866 739 2930 libro
763 2865 837 2938 fidei
861 2885 946 2943 snae,
981 2885 1073 2947 quem
1096 2865 1229 2930 Romam
1258 2883 1331 2929 cum
1354 2863 1433 2947 ipsis

288 2973 403 3039 litteris
427 2973 516 3036 misit
539 2973 578 3035 ad
603 2973 734 3036 eundern
758 2991 872 3054 papam
895 2971 1123 3048 Innocentium,
1157 2971 1195 3034 ad
1220 2989 1313 3052 quem
1338 2971 1433 3034 etiam

290 3079 459 3163 epistulam
476 3078 654 3160 scripserat,
669 3079 770 3143 multo
786 3078 965 3142 euidentius
983 3097 1016 3142 se
1030 3078 1135 3161 ipsum
1150 3076 1285 3160 tegendo
1300 3077 1433 3140 nudauit
1452 3092 1481 3132 2⁵

291 3187 411 3250 dicens:
430 3185 599 3266 ‘baptisma
612 3204 710 3248 uuum
730 3189 885 3262 tenemus,
900 3184 985 3265 quod
999 3184 1101 3249 isdem
1121 3183 1309 3247 sacramenti
1326 3184 1433 3248 uerbis

289 3293 321 3356 in
339 3290 511 3356 infantibus
531 3291 647 3372 quibus
667 3290 762 3354 etiam
782 3290 813 3354 in
834 3290 1005 3354 maioribus
1030 3289 1164 3354 dicimus
1185 3309 1254 3355 esse
1275 3289 1433 3354 celebrau-

290 3399 384 3462 dum'.
404 3417 464 3462 non
489 3396 602 3460 saltam
626 3396 704 3460 dixit
727 3396 847 3461 ‘eodem
867 3400 1074 3461 sacramento‘
1092 3433 1135 3442 -—
1156 3395 1385 3478 quodquidam
1406 3396 1434 3459 si

290 3505 432 3580 dixisset,
457 3502 559 3566 adhuc
583 3505 669 3565 esset
692 3501 877 3586 ambiguum
896 3539 939 3547 -
960 3502 1014 3566 sed
1034 3503 1166 3578 ‘isdem’,
1184 3502 1297 3585 inquit,
1322 3508 1433 3566 ‘sacra-

289 3609 387 3673 menti
414 3608 542 3684 ucrbis',
565 3611 727 3690 tamquam
758 3609 932 3674 infantibus
963 3609 1108 3674 remissio
1136 3613 1337 3692 peccatorum
1364 3629 1433 3672 uer·
1451 3632 1481 3673 so

379 3834 412 3888 aa
433 3833 466 3888 cf.
485 3834 542 3887 Per.
561 3833 609 3887 ns.
628 3833 674 3886 flu.
694 3835 710 3887 a
730 3833 813 3901 <xxv
834 3811 902 3886 ruia
921 3833 969 3899 Μ.)
990 3837 1018 3886 ee
1035 3850 1097 3903 pag.
1120 3835 1178 3902 rsa,
1198 3835 1233 3887 24

324 3958 506 4011 drationatio
528 3957 551 4009 0
604 3959 618 4010 7
639 3956 682 4010 dei
702 3973 752 4010 om.
776 3956 962 4011 OCbTPVbd
1010 3958 1026 4010 9
1045 3962 1156 4027 propter
1174 3974 1225 4011 our.
1247 3957 1434 4010 COerPVbd

292 4049 321 4100 11
343 4046 484 4116 Pelagium
504 4047 625 4115 potuisse
645 4046 682 4099 bd
772 4046 804 4098 12
824 4045 926 4099 diceret
944 4061 994 4099 om.
1014 4063 1048 4101 nr.
1068 4051 1083 4098 1
1105 4046 1129 4098 Τ
1219 4047 1250 4100 13
1270 4046 1389 4116 paruulis
1412 4045 1435 4098 0

291 4138 323 4188 15
342 4135 403 4188 ideo
423 4136 510 4189 ornb
593 4134 764 4198 dicebaptC
836 4135 868 4188 16
887 4134 961 4203 illos]
983 4135 1072 4188 eosC
1143 4134 1176 4189 25
1196 4135 1314 4204 tegendo
1334 4153 1384 4189 om.
1409 4135 1435 4186 V

289 4225 323 4278 29
341 4224 446 4277 hisdem
469 4223 508 4276 Cb
