3382 4924
286 305 347 368 136
640 303 665 355 S.
694 303 831 356 Aureli
860 303 1076 371 Augustini

285 498 409 561 uirtus
442 497 478 560 in
512 497 742 560 infirmitate
775 496 990 578 perficitur-3
1025 496 1055 558 in
1089 495 1274 559 infirmitate
1308 493 1432 558 scilicet

285 623 357 684 non,
390 607 427 667 ut
458 603 512 666 ille
536 605 637 686 putat,
671 603 772 666 camis
805 605 940 678 tantum,
974 601 1030 665 sed
1062 606 1094 666 et
1127 603 1227 666 carnis
1261 605 1292 664 et
1325 601 1430 676 animi,

286 711 360 792 quia
379 713 411 774 et
429 711 552 774 animus
576 714 642 774 erat
659 711 690 772 in
712 710 943 791 comparatione
964 729 1105 773 summae
1123 709 1210 772 illius
1231 707 1432 789 perfectionis

286 816 439 893 infirmus,
464 817 587 898 quando
612 817 823 880 extolleretur.
847 816 976 897 proinde
1001 816 1150 880 stimulus
1175 815 1277 879 carnis
1301 815 1431 897 angelus

288 926 413 986 satanae
437 923 683 1006 intellegebatur
706 923 809 1000 datae,
843 923 990 1004 quamuis
1015 925 1100 986 esset
1127 922 1159 984 in
1185 923 1356 986 carnalium
1380 921 1433 984 uel
1465 941 1476 976 ⁵

288 1029 472 1092 animalium
500 1030 639 1094 nondum
667 1029 910 1111 percipientium
940 1049 1031 1111 quae
1061 1037 1148 1094 sunt
1181 1029 1340 1110 spiritns
1374 1027 1432 1090 dei

288 1137 521 1217 comparatione
558 1136 771 1200 firmissimus.
810 1137 956 1218 quocirca
994 1135 1022 1200 si
1053 1136 1157 1200 uirtus
1189 1135 1220 1199 in
1252 1134 1433 1198 infirmitate

289 1241 457 1324 perficitur,
492 1242 637 1325 quisquis
667 1263 700 1308 se
728 1262 788 1308 non
818 1243 935 1307 fatetur
966 1243 1136 1317 infirmum,
1169 1262 1229 1307 non
1262 1241 1433 1324 perficitur.

288 1349 366 1412 haee
391 1352 495 1413 autem
523 1350 633 1432 gratia,
668 1369 730 1430 qua
753 1350 879 1413 uirtus
903 1349 939 1413 in
966 1349 1194 1413 infirmitate
1222 1348 1434 1430 perficitur.

289 1457 540 1538 praedestinatos
567 1461 598 1520 et
623 1457 795 1520 secundum
824 1457 1021 1539 propositum
1052 1460 1183 1520 uocatos
1213 1456 1251 1519 ad
1280 1474 1433 1518 summam
1453 1472 1479 1510 ιο

288 1563 513 1643 perfectionem
550 1563 873 1646 glorificationemque
910 1563 1065 1645 perducit.
1105 1582 1166 1644 qua
1199 1561 1299 1645 gratia
1331 1560 1436 1643 agitur

290 1688 350 1732 non
384 1671 489 1734 solum
521 1672 557 1732 ut
589 1669 731 1733 facienda
759 1671 953 1746 nouerimus‚
982 1689 1093 1733 uerum
1123 1669 1216 1732 etiam
1246 1671 1282 1731 nt
1309 1667 1436 1748 cognita

289 1775 443 1840 faciamus
481 1796 539 1841 nee
577 1779 681 1841 solum
718 1779 755 1839 ut
793 1776 952 1858 diligenda
985 1775 1160 1854 credamus,
1194 1794 1305 1838 uerum
1342 1759 1437 1836 etiam

289 1885 326 1945 ut
350 1883 468 1946 credita
492 1883 672 1966 diligamus.

333 1987 418 2051 ΧΙΠ.
451 1991 500 2052 14.
533 1989 619 2052 Haec
653 1988 755 2071 gratia
787 1988 814 2050 si
848 1987 989 2051 doctrina
1021 1986 1151 2052 dicenda
1184 1989 1241 2065 est,
1273 1989 1356 2050 certe
1390 1986 1436 2049 sio
1455 2004 1481 2042 ιε»

292 2094 421 2174 dicutur,
444 2097 480 2158 ut
504 2096 599 2159 altius
625 2098 656 2158 et
679 2095 810 2158 interius
831 2114 899 2158 eam
920 2095 997 2158 deus
1018 2113 1090 2158 cum
1108 2093 1259 2158 ineffabili
1281 2095 1437 2158 suauitate

292 2202 437 2264 credatur
459 2201 622 2264 infundere
646 2220 707 2264 non
732 2201 836 2264 solum
859 2220 914 2281 per
939 2220 1002 2277 eos,
1033 2201 1086 2283 qui
1113 2203 1257 2282 plantant
1281 2203 1312 2264 et
1334 2199 1439 2282 rigant

293 2309 497 2384 extrinsecus,
541 2308 596 2372 sed
642 2309 736 2371 etiam
783 2327 838 2390 per
879 2327 912 2371 se
958 2308 1074 2390 ipsum,
1113 2307 1167 2388 qui
1211 2307 1436 2370 incrementum

294 2433 387 2477 suum
420 2414 580 2477 ministrat
612 2415 766 2492 occultae,
799 2415 845 2478 ita
877 2418 913 2476 ut
946 2433 1006 2478 non
1041 2415 1186 2478 ostendat
1218 2414 1437 2478 tantummodo

294 2521 472 2596 ueritatem,
505 2521 740 2595 uerumetiam
768 2521 917 2602 inpertiat
949 2522 1120 2584 caritatem.
1153 2521 1199 2585 sic
1232 2523 1315 2584 enim
1347 2521 1483 2584 dceet20

296 2628 372 2690 deus
397 2645 461 2703 eos,
487 2627 541 2708 qui
560 2621 733 2690 secuudum
752 2628 951 2709 propositum
970 2629 1076 2691 uocati
1096 2630 1180 2705 sunt,
1205 2628 1301 2691 simul
1319 2628 1438 2691 donans

296 2736 328 2796 et
351 2733 427 2813 quid
450 2737 544 2816 agant
568 2735 646 2798 scire
671 2738 702 2797 et
726 2734 810 2814 quod
834 2735 938 2798 sciunt
957 2753 1057 2818 agere.
1081 2735 1164 2798 unde
1184 2735 1223 2798 ad
1242 2732 1439 2798 Thessaloni·

297 2857 406 2903 censes
431 2839 477 2902 sio
501 2840 663 2920 apostolus
687 2840 842 2920 loquitur:
873 2840 914 2903 de
939 2835 1097 2904 caritate
1122 2844 1244 2905 autem
1267 2839 1439 2904 fraterni-

296 2945 388 3009 tatis
417 2965 486 3008 non
516 2965 608 3028 opus
637 2947 786 3012 habetis
815 2947 924 3011 uobis
955 2948 1085 3024 scribi;
1119 2967 1200 3010 nam
1229 2947 1303 3028 ipsi
1330 2965 1397 3010 uos
1423 2964 1439 3007 a

298 3052 363 3116 deo
398 3052 603 3131 didicistis,
636 3058 677 3116 ut
706 3054 879 3136 diligatis
907 3054 1081 3117 inuicem.
1115 3058 1209 3135 atque
1236 3057 1273 3117 ut
1295 3052 1442 3135 probaret
1459 3062 1485 3102 ²⁵

298 3179 352 3224 cos
385 3178 403 3222 a
436 3158 493 3223 deo
523 3159 683 3236 didicisse,
717 3159 892 3222 subiunxit:
927 3159 1063 3222 etenim
1105 3159 1234 3222 facitis
1275 3155 1373 3220 illud
1404 3157 1440 3220 in

299 3285 422 3331 omnes
447 3266 583 3331 fratres
607 3266 641 3328 in
668 3261 1096 3342 uniuersa‘lllacedonia
1130 3269 1292 3346 tamquam
1316 3265 1375 3328 hoc
1399 3263 1442 3326 sit

300 3373 510 3436 certissimum
535 3373 697 3450 indicium,
726 3373 810 3454 quod
834 3391 851 3435 a
875 3373 932 3436 deo
957 3372 1114 3449 didiceris,
1149 3372 1176 3436 si
1199 3372 1232 3434 id
1256 3371 1339 3453 qnod
1364 3370 1442 3434 didi-

301 3479 379 3543 ceris
411 3481 533 3544 feceris.
570 3481 632 3544 isto
665 3481 758 3544 modo
793 3482 867 3543 sunt
899 3497 1006 3543 omnes
1040 3480 1212 3542 secundum
1244 3479 1442 3560 propositum

392 3705 563 3770 ὅΙΟοι·,2,
584 3708 618 3760 14
673 3706 735 3759 911
755 3705 814 3762 Cor.
835 3706 912 3766 129
969 3705 1002 3757 10
1021 3705 1096 3758 Rom.
1115 3705 1142 3772 8,
1161 3705 1195 3758 28
1251 3705 1282 3756 17
1304 3701 1441 3757 of.ICOr.

302 3796 362 3854 3.7
418 3795 677 3862 231Thess.4‚9
734 3793 957 3860 relibasse,
979 3795 1011 3847 10

342 3921 353 3972 l
374 3920 401 3971 in
422 3921 470 3973 clf.
491 3936 541 3972 cm.
563 3917 586 3971 0
647 3918 664 3969 3
685 3917 871 3986 corporatione
889 3916 926 3969 M
987 3916 1143 3985 equando]
1165 3915 1227 3984 quin
1248 3915 1326 3968 Meu
1344 3916 1375 3968 irc
1393 3932 1442 3982 rap.

304 4006 446 4075 qnandonc
465 4009 492 4060 P
510 4009 552 4060 cui
570 4024 604 4060 ne
627 4007 671 4060 Vol
747 4006 845 4074 9quia
864 4005 900 4057 M
977 4007 1007 4058 11
1028 3987 1122 4057 aitM
1194 4006 1225 4058 16
1245 4004 1391 4056 ineffabilis
1409 4003 1444 4055 M

304 4097 337 4148 22
357 4096 580 4149 tessalonicenses
600 4096 707 4148 MCer
768 4097 802 4148 23
821 4094 944 4163 loquitur
962 4095 1101 4162 apostolus
1123 4093 1146 4146 Ο
1207 4093 1241 4146 26
1261 4092 1401 4154 didiscisse
1423 4090 1446 4142 0

305 4185 457 4238 subiuncrit
481 4186 505 4238 Τ
556 4185 590 4238 28
610 4185 758 4238 didiceritis
779 4184 793 4236 b
867 4182 1016 4236 didiceritis
1036 4182 1155 4235 feceritis
1174 4181 1189 4234 b
