<?xml version="1.0" encoding="UTF-8"?>
<!DOCTYPE html PUBLIC "-//W3C//DTD XHTML 1.0 Transitional//EN"
    "http://www.w3.org/TR/xhtml1/DTD/xhtml1-transitional.dtd">
<html xmlns="http://www.w3.org/1999/xhtml" xml:lang="en" lang="en">
 <head>
  <title>
</title>
<meta http-equiv="Content-Type" content="text/html;charset=utf-8" />
  <meta name='ocr-system' content='tesseract 3.04.00' />
  <meta name='ocr-capabilities' content='ocr_page ocr_carea ocr_par ocr_line ocrx_word'/>
</head>
<body>
  <div class='ocr_page' id='page_1' title='image "./sanctiavreliavg02zychgoog_0185.png"; bbox 0 0 3382 4924; ppageno 0'>
   <div class='ocr_carea' id='block_1_1' title="bbox 614 367 1380 436">
    <p class='ocr_par' dir='ltr' id='par_1_1' title="bbox 614 367 1380 436">
     <span class='ocr_line' id='line_1_1' title="bbox 614 367 1380 436; baseline 0.012 -16"><span class='ocrx_word' id='word_1_1' title='bbox 614 367 655 420; x_wconf 89' lang='lat' dir='ltr'><strong>de</strong></span> <span class='ocrx_word' id='word_1_2' title='bbox 685 369 818 436; x_wconf 89' lang='lat' dir='ltr'><strong>gratia</strong></span> <span class='ocrx_word' id='word_1_3' title='bbox 846 368 1000 423; x_wconf 79' lang='lat' dir='ltr'>Christi</span> <span class='ocrx_word' id='word_1_4' title='bbox 1319 373 1380 435; x_wconf 82' lang='grc'><strong>147</strong></span> 
     </span>
    </p>
   </div>
   <div class='ocr_carea' id='block_1_2' title="bbox 184 562 1381 3622">
    <p class='ocr_par' dir='ltr' id='par_1_2' title="bbox 184 562 1381 3622">
     <span class='ocr_line' id='line_1_2' title="bbox 233 562 1380 649; baseline -0.001 -20"><span class='ocrx_word' id='word_1_5' title='bbox 233 565 413 649; x_wconf 88' lang='lat' dir='ltr'><strong>significans</strong></span> <span class='ocrx_word' id='word_1_6' title='bbox 429 562 653 644; x_wconf 85' lang='lat' dir='ltr'><strong>possibilitatis</strong></span> <span class='ocrx_word' id='word_1_7' title='bbox 672 563 860 644; x_wconf 84' lang='lat' dir='ltr'><strong>profectum,</strong></span> <span class='ocrx_word' id='word_1_8' title='bbox 881 563 936 627; x_wconf 91' lang='lat' dir='ltr'><strong>sed</strong></span> <span class='ocrx_word' id='word_1_9' title='bbox 956 563 1130 644; x_wconf 78' lang='lat' dir='ltr'><strong>exprimens</strong></span> <span class='ocrx_word' id='word_1_10' title='bbox 1151 565 1380 646; x_wconf 78' lang='lat' dir='ltr'><strong>cooperationis</strong></span> 
     </span>
     <span class='ocr_line' id='line_1_3' title="bbox 233 669 1381 753; baseline -0.001 -19"><span class='ocrx_word' id='word_1_11' title='bbox 233 671 389 734; x_wconf 86' lang='lat' dir='ltr'><strong>effectum.</strong></span> <span class='ocrx_word' id='word_1_12' title='bbox 426 669 582 751; x_wconf 91' lang='lat' dir='ltr'><strong>quomodo</strong></span> <span class='ocrx_word' id='word_1_13' title='bbox 612 669 691 732; x_wconf 90' lang='lat' dir='ltr'><strong>dicit</strong></span> <span class='ocrx_word' id='word_1_14' title='bbox 719 669 840 733; x_wconf 89' lang='lat' dir='ltr'><strong>arbitrii</strong></span> <span class='ocrx_word' id='word_1_15' title='bbox 862 669 954 732; x_wconf 88' lang='lat' dir='ltr'><strong>liberi</strong></span> <span class='ocrx_word' id='word_1_16' title='bbox 984 669 1085 734; x_wconf 89' lang='lat' dir='ltr'><strong>elatus</strong></span> <span class='ocrx_word' id='word_1_17' title='bbox 1111 674 1261 734; x_wconf 80' lang='lat' dir='ltr'><strong>assertor:</strong></span> <span class='ocrx_word' id='word_1_18' title='bbox 1287 671 1381 753; x_wconf 86' lang='lat' dir='ltr'><strong>‘quod</strong></span> 
     </span>
     <span class='ocr_line' id='line_1_4' title="bbox 234 775 1379 860; baseline -0.001 -19"><span class='ocrx_word' id='word_1_19' title='bbox 234 796 405 860; x_wconf 89' lang='lat' dir='ltr'><strong>possumus</strong></span> <span class='ocrx_word' id='word_1_20' title='bbox 429 777 508 839; x_wconf 91' lang='lat' dir='ltr'><strong>bene</strong></span> <span class='ocrx_word' id='word_1_21' title='bbox 534 775 683 857; x_wconf 88' lang='lat' dir='ltr'><strong>cogitare,</strong></span> <span class='ocrx_word' id='word_1_22' title='bbox 709 775 759 838; x_wconf 91' lang='lat' dir='ltr'><strong>dei</strong></span> <span class='ocrx_word' id='word_1_23' title='bbox 784 779 842 853; x_wconf 88' lang='lat' dir='ltr'><strong>est,</strong></span> <span class='ocrx_word' id='word_1_24' title='bbox 869 776 950 857; x_wconf 91' lang='lat' dir='ltr'><strong>quod</strong></span> <span class='ocrx_word' id='word_1_25' title='bbox 976 778 1082 839; x_wconf 86' lang='lat' dir='ltr'><strong>autem</strong></span> <span class='ocrx_word' id='word_1_26' title='bbox 1101 777 1181 840; x_wconf 90' lang='lat' dir='ltr'><strong>bene</strong></span> <span class='ocrx_word' id='word_1_27' title='bbox 1202 777 1379 858; x_wconf 88' lang='lat' dir='ltr'><strong>cogitamus</strong></span> 
     </span>
     <span class='ocr_line' id='line_1_5' title="bbox 233 880 1379 964; baseline -0.002 -17"><span class='ocrx_word' id='word_1_28' title='bbox 233 887 375 949; x_wconf 91' lang='lat' dir='ltr'><strong>nostrum</strong></span> <span class='ocrx_word' id='word_1_29' title='bbox 399 885 478 946; x_wconf 81' lang='lat' dir='ltr'><strong>est&#39;?</strong></span> <span class='ocrx_word' id='word_1_30' title='bbox 504 881 555 946; x_wconf 90' lang='lat' dir='ltr'><strong>oui</strong></span> <span class='ocrx_word' id='word_1_31' title='bbox 577 880 740 964; x_wconf 92' lang='lat' dir='ltr'><strong>respondit</strong></span> <span class='ocrx_word' id='word_1_32' title='bbox 762 881 892 945; x_wconf 93' lang='lat' dir='ltr'><strong>humilis</strong></span> <span class='ocrx_word' id='word_1_33' title='bbox 922 881 1040 964; x_wconf 88' lang='lat' dir='ltr'><strong>gratiae</strong></span> <span class='ocrx_word' id='word_1_34' title='bbox 1067 882 1276 962; x_wconf 90' lang='lat' dir='ltr'><strong>praedicator:</strong></span> <span class='ocrx_word' id='word_1_35' title='bbox 1311 903 1379 947; x_wconf 91' lang='grc'><strong>666</strong></span> 
     </span>
     <span class='ocr_line' id='line_1_6' title="bbox 202 988 1381 1072; baseline 0.002 -22"><span class='ocrx_word' id='word_1_36' title='bbox 202 992 321 1072; x_wconf 65' lang='lat' dir='ltr'><strong>aquia</strong></span> <span class='ocrx_word' id='word_1_37' title='bbox 348 990 475 1053; x_wconf 88' lang='lat' dir='ltr'><strong>idonei</strong></span> <span class='ocrx_word' id='word_1_38' title='bbox 504 1007 633 1052; x_wconf 89' lang='lat' dir='ltr'><strong>sumus</strong></span> <span class='ocrx_word' id='word_1_39' title='bbox 663 988 832 1071; x_wconf 88' lang='lat' dir='ltr'><strong>cogitare</strong></span> <span class='ocrx_word' id='word_1_40' title='bbox 863 989 1007 1069; x_wconf 86' lang='lat' dir='ltr'><strong>aliquid</strong></span> <span class='ocrx_word' id='word_1_41' title='bbox 1032 1008 1049 1051; x_wconf 94' lang='lat' dir='ltr'><strong>a</strong></span> <span class='ocrx_word' id='word_1_42' title='bbox 1072 988 1179 1053; x_wconf 91' lang='lat' dir='ltr'><strong>nobis</strong></span> <span class='ocrx_word' id='word_1_43' title='bbox 1209 990 1316 1070; x_wconf 87' lang='lat' dir='ltr'><strong>quasi</strong></span> <span class='ocrx_word' id='word_1_44' title='bbox 1341 1009 1381 1052; x_wconf 85' lang='lat' dir='ltr'><strong>er</strong></span> 
     </span>
     <span class='ocr_line' id='line_1_7' title="bbox 233 1095 1379 1177; baseline -0.003 -15"><span class='ocrx_word' id='word_1_45' title='bbox 233 1098 422 1162; x_wconf 91' lang='lat' dir='ltr'><strong>nobismet</strong></span> <span class='ocrx_word' id='word_1_46' title='bbox 444 1096 550 1177; x_wconf 86' lang='lat' dir='ltr'><strong>ipsis,</strong></span> <span class='ocrx_word' id='word_1_47' title='bbox 575 1095 640 1158; x_wconf 91' lang='lat' dir='ltr'><strong>sed</strong></span> <span class='ocrx_word' id='word_1_48' title='bbox 664 1095 905 1158; x_wconf 80' lang='lat' dir='ltr'><strong>sufficientia</strong></span> <span class='ocrx_word' id='word_1_49' title='bbox 927 1099 1057 1159; x_wconf 89' lang='lat' dir='ltr'><strong>nostra</strong></span> <span class='ocrx_word' id='word_1_50' title='bbox 1076 1115 1115 1158; x_wconf 84' lang='lat' dir='ltr'><strong>en</strong></span> <span class='ocrx_word' id='word_1_51' title='bbox 1135 1095 1200 1158; x_wconf 90' lang='lat' dir='ltr'><strong>deo</strong></span> <span class='ocrx_word' id='word_1_52' title='bbox 1221 1099 1293 1170; x_wconf 89' lang='lat' dir='ltr'><strong>est;</strong></span> <span class='ocrx_word' id='word_1_53' title='bbox 1319 1115 1379 1159; x_wconf 94' lang='grc'><strong>666</strong></span> 
     </span>
     <span class='ocr_line' id='line_1_8' title="bbox 232 1201 969 1286; baseline -0.004 -19"><span class='ocrx_word' id='word_1_54' title='bbox 232 1205 314 1268; x_wconf 91' lang='lat' dir='ltr'><strong>enim</strong></span> <span class='ocrx_word' id='word_1_55' title='bbox 339 1205 383 1267; x_wconf 90' lang='lat' dir='ltr'><strong>ait</strong></span> <span class='ocrx_word' id='word_1_56' title='bbox 407 1209 512 1286; x_wconf 84' lang='lat' dir='ltr'><strong>‘posse</strong></span> <span class='ocrx_word' id='word_1_57' title='bbox 536 1203 687 1285; x_wconf 83' lang='lat' dir='ltr'><strong>cogitare&#39;</strong></span> <span class='ocrx_word' id='word_1_58' title='bbox 712 1202 767 1266; x_wconf 90' lang='lat' dir='ltr'><strong>sed</strong></span> <span class='ocrx_word' id='word_1_59' title='bbox 792 1201 969 1284; x_wconf 87' lang='lat' dir='ltr'><strong>cogitare.</strong></span> 
     </span>
     <span class='ocr_line' id='line_1_9' title="bbox 276 1309 1378 1392; baseline -0.002 -18"><span class='ocrx_word' id='word_1_60' title='bbox 276 1311 389 1375; x_wconf 88' lang='lat' dir='ltr'>XXVI.</span> <span class='ocrx_word' id='word_1_61' title='bbox 411 1311 462 1373; x_wconf 80' lang='lat'><strong>27.</strong></span> <span class='ocrx_word' id='word_1_62' title='bbox 487 1310 588 1373; x_wconf 87' lang='lat' dir='ltr'><strong>Istam</strong></span> <span class='ocrx_word' id='word_1_63' title='bbox 613 1309 663 1372; x_wconf 91' lang='lat' dir='ltr'><strong>dei</strong></span> <span class='ocrx_word' id='word_1_64' title='bbox 683 1309 817 1392; x_wconf 80' lang='lat' dir='ltr'><strong>gratiam</strong></span> <span class='ocrx_word' id='word_1_65' title='bbox 836 1309 866 1370; x_wconf 95' lang='grc'><strong>16</strong></span> <span class='ocrx_word' id='word_1_66' title='bbox 888 1309 1003 1372; x_wconf 90' lang='lat' dir='ltr'><strong>diuinis</strong></span> <span class='ocrx_word' id='word_1_67' title='bbox 1025 1309 1159 1390; x_wconf 88' lang='lat' dir='ltr'><strong>eloquiis</strong></span> <span class='ocrx_word' id='word_1_68' title='bbox 1180 1309 1378 1392; x_wconf 82' lang='lat' dir='ltr'><strong>manifestam</strong></span> 
     </span>
     <span class='ocr_line' id='line_1_10' title="bbox 232 1413 1378 1498; baseline -0.002 -18"><span class='ocrx_word' id='word_1_69' title='bbox 232 1418 326 1480; x_wconf 90' lang='lat' dir='ltr'><strong>etiam</strong></span> <span class='ocrx_word' id='word_1_70' title='bbox 346 1415 496 1498; x_wconf 81' lang='lat' dir='ltr'><strong>Pelagius</strong></span> <span class='ocrx_word' id='word_1_71' title='bbox 516 1413 683 1477; x_wconf 91' lang='lat' dir='ltr'><strong>manifeste</strong></span> <span class='ocrx_word' id='word_1_72' title='bbox 703 1413 838 1476; x_wconf 84' lang='lat' dir='ltr'><strong>fateatur</strong></span> <span class='ocrx_word' id='word_1_73' title='bbox 857 1432 952 1494; x_wconf 89' lang='lat' dir='ltr'><strong>seque</strong></span> <span class='ocrx_word' id='word_1_74' title='bbox 971 1414 1094 1478; x_wconf 91' lang='lat' dir='ltr'><strong>tamdiu</strong></span> <span class='ocrx_word' id='word_1_75' title='bbox 1114 1416 1221 1478; x_wconf 90' lang='lat' dir='ltr'><strong>contra</strong></span> <span class='ocrx_word' id='word_1_76' title='bbox 1241 1415 1378 1478; x_wconf 89' lang='lat' dir='ltr'><strong>sensisse</strong></span> 
     </span>
     <span class='ocr_line' id='line_1_11' title="bbox 188 1519 1377 1604; baseline 0.003 -24"><span class='ocrx_word' id='word_1_77' title='bbox 188 1544 291 1586; x_wconf 77' lang='lat' dir='ltr'><strong>ronan</strong></span> <span class='ocrx_word' id='word_1_78' title='bbox 325 1523 445 1604; x_wconf 89' lang='lat' dir='ltr'><strong>operiat</strong></span> <span class='ocrx_word' id='word_1_79' title='bbox 476 1519 741 1602; x_wconf 86' lang='lat' dir='ltr'><strong>inpudentissimo</strong></span> <span class='ocrx_word' id='word_1_80' title='bbox 774 1519 904 1601; x_wconf 90' lang='lat' dir='ltr'><strong>pudore,</strong></span> <span class='ocrx_word' id='word_1_81' title='bbox 943 1520 998 1582; x_wconf 89' lang='lat' dir='ltr'><strong>sed</strong></span> <span class='ocrx_word' id='word_1_82' title='bbox 1031 1520 1138 1584; x_wconf 91' lang='lat' dir='ltr'><strong>dolore</strong></span> <span class='ocrx_word' id='word_1_83' title='bbox 1172 1521 1377 1585; x_wconf 88' lang='lat' dir='ltr'><strong>saluberrimo</strong></span> 
     </span>
     <span class='ocr_line' id='line_1_12' title="bbox 230 1626 1378 1712; baseline -0.002 -20"><span class='ocrx_word' id='word_1_84' title='bbox 230 1629 359 1712; x_wconf 91' lang='lat' dir='ltr'><strong>aperiat,</strong></span> <span class='ocrx_word' id='word_1_85' title='bbox 393 1631 428 1690; x_wconf 94' lang='lat' dir='ltr'><strong>ut</strong></span> <span class='ocrx_word' id='word_1_86' title='bbox 457 1629 564 1690; x_wconf 90' lang='lat' dir='ltr'><strong>sancta</strong></span> <span class='ocrx_word' id='word_1_87' title='bbox 592 1626 726 1690; x_wconf 90' lang='lat' dir='ltr'><strong>ecclesia</strong></span> <span class='ocrx_word' id='word_1_88' title='bbox 753 1627 1378 1706; x_wconf 80' lang='grc'><strong>666666666666666166616166616661-</strong></span> 
     </span>
     <span class='ocr_line' id='line_1_13' title="bbox 230 1733 1378 1816; baseline 0 -18"><span class='ocrx_word' id='word_1_89' title='bbox 230 1737 365 1812; x_wconf 89' lang='lat' dir='ltr'><strong>natione,</strong></span> <span class='ocrx_word' id='word_1_90' title='bbox 399 1734 454 1797; x_wconf 88' lang='lat' dir='ltr'><strong>sed</strong></span> <span class='ocrx_word' id='word_1_91' title='bbox 478 1733 583 1796; x_wconf 87' lang='lat' dir='ltr'><strong>ueraci</strong></span> <span class='ocrx_word' id='word_1_92' title='bbox 606 1733 797 1796; x_wconf 86' lang='lat' dir='ltr'><strong>correctione</strong></span> <span class='ocrx_word' id='word_1_93' title='bbox 821 1733 964 1797; x_wconf 89' lang='lat' dir='ltr'><strong>laetetur.</strong></span> <span class='ocrx_word' id='word_1_94' title='bbox 989 1733 1203 1816; x_wconf 90' lang='lat' dir='ltr'><strong>cognitionem</strong></span> <span class='ocrx_word' id='word_1_95' title='bbox 1228 1738 1259 1796; x_wconf 97' lang='grc'><strong>66</strong></span> <span class='ocrx_word' id='word_1_96' title='bbox 1283 1734 1378 1798; x_wconf 90' lang='lat' dir='ltr'><strong>dilec-</strong></span> 
     </span>
     <span class='ocr_line' id='line_1_14' title="bbox 230 1838 1376 1920; baseline 0 -16"><span class='ocrx_word' id='word_1_97' title='bbox 230 1842 358 1918; x_wconf 89' lang='lat' dir='ltr'><strong>tionem,</strong></span> <span class='ocrx_word' id='word_1_98' title='bbox 376 1840 460 1904; x_wconf 84' lang='lat' dir='ltr'><strong>siout</strong></span> <span class='ocrx_word' id='word_1_99' title='bbox 474 1842 549 1902; x_wconf 90' lang='lat' dir='ltr'><strong>sunt</strong></span> <span class='ocrx_word' id='word_1_100' title='bbox 564 1839 777 1915; x_wconf 89' lang='lat' dir='ltr'><strong>discernenda,</strong></span> <span class='ocrx_word' id='word_1_101' title='bbox 794 1838 962 1914; x_wconf 89' lang='lat' dir='ltr'><strong>discernat,</strong></span> <span class='ocrx_word' id='word_1_102' title='bbox 980 1839 1054 1920; x_wconf 91' lang='lat' dir='ltr'><strong>quia</strong></span> <span class='ocrx_word' id='word_1_103' title='bbox 1073 1841 1235 1903; x_wconf 90' lang='grc'><strong>66166616</strong></span> <span class='ocrx_word' id='word_1_104' title='bbox 1254 1841 1376 1918; x_wconf 84' lang='grc'><strong>161166,</strong></span> 
     </span>
     <span class='ocr_line' id='line_1_15' title="bbox 230 1944 1375 2026; baseline -0.002 -15"><span class='ocrx_word' id='word_1_105' title='bbox 230 1948 368 2011; x_wconf 88' lang='lat' dir='ltr'><strong>caritas</strong></span> <span class='ocrx_word' id='word_1_106' title='bbox 389 1945 568 2010; x_wconf 86' lang='lat' dir='ltr'><strong>aedificat</strong></span> <span class='ocrx_word' id='word_1_107' title='bbox 584 1982 627 1990; x_wconf 90' lang='lat'><em>-</em></span> <span class='ocrx_word' id='word_1_108' title='bbox 642 1948 673 2008; x_wconf 91' lang='lat' dir='ltr'><strong>et</strong></span> <span class='ocrx_word' id='word_1_109' title='bbox 686 1948 762 2007; x_wconf 92' lang='lat' dir='ltr'><strong>tunc</strong></span> <span class='ocrx_word' id='word_1_110' title='bbox 778 1944 910 2008; x_wconf 90' lang='lat' dir='ltr'><strong>scientia</strong></span> <span class='ocrx_word' id='word_1_111' title='bbox 929 1965 989 2008; x_wconf 90' lang='lat' dir='ltr'><strong>non</strong></span> <span class='ocrx_word' id='word_1_112' title='bbox 1004 1945 1102 2022; x_wconf 84' lang='grc'><strong>161166,</strong></span> <span class='ocrx_word' id='word_1_113' title='bbox 1118 1947 1241 2026; x_wconf 90' lang='lat' dir='ltr'><strong>quando</strong></span> <span class='ocrx_word' id='word_1_114' title='bbox 1262 1947 1375 2010; x_wconf 89' lang='lat' dir='ltr'><strong>caritas</strong></span> 
     </span>
     <span class='ocr_line' id='line_1_16' title="bbox 185 2049 1375 2130; baseline 0 -15"><span class='ocrx_word' id='word_1_115' title='bbox 185 2080 209 2115; x_wconf 81' lang='lat'><strong>15</strong></span> <span class='ocrx_word' id='word_1_116' title='bbox 229 2053 373 2116; x_wconf 87' lang='lat' dir='ltr'><strong>aedificat</strong></span> <span class='ocrx_word' id='word_1_117' title='bbox 391 2089 435 2098; x_wconf 89' lang='lat'>—</span> <span class='ocrx_word' id='word_1_118' title='bbox 454 2054 486 2114; x_wconf 87' lang='grc'><strong>66</strong></span> <span class='ocrx_word' id='word_1_119' title='bbox 504 2070 576 2114; x_wconf 92' lang='lat' dir='ltr'><strong>cum</strong></span> <span class='ocrx_word' id='word_1_120' title='bbox 596 2051 639 2115; x_wconf 91' lang='lat' dir='ltr'><strong>sit</strong></span> <span class='ocrx_word' id='word_1_121' title='bbox 658 2053 828 2130; x_wconf 90' lang='lat' dir='ltr'><strong>utrumque</strong></span> <span class='ocrx_word' id='word_1_122' title='bbox 848 2049 965 2113; x_wconf 91' lang='lat' dir='ltr'><strong>donum</strong></span> <span class='ocrx_word' id='word_1_123' title='bbox 985 2050 1045 2129; x_wconf 85' lang='lat' dir='ltr'><strong>dei,</strong></span> <span class='ocrx_word' id='word_1_124' title='bbox 1066 2051 1240 2114; x_wconf 90' lang='lat' dir='ltr'><strong>sedunum</strong></span> <span class='ocrx_word' id='word_1_125' title='bbox 1259 2052 1375 2129; x_wconf 89' lang='lat' dir='ltr'><strong>minus,</strong></span> 
     </span>
     <span class='ocr_line' id='line_1_17' title="bbox 231 2156 1378 2239; baseline -0.001 -18"><span class='ocrx_word' id='word_1_126' title='bbox 231 2160 367 2223; x_wconf 85' lang='lat' dir='ltr'><strong>alterum</strong></span> <span class='ocrx_word' id='word_1_127' title='bbox 390 2158 504 2231; x_wconf 86' lang='lat' dir='ltr'><strong>maius,</strong></span> <span class='ocrx_word' id='word_1_128' title='bbox 528 2177 589 2220; x_wconf 91' lang='lat' dir='ltr'><strong>non</strong></span> <span class='ocrx_word' id='word_1_129' title='bbox 613 2157 664 2220; x_wconf 91' lang='lat' dir='ltr'><strong>hio</strong></span> <span class='ocrx_word' id='word_1_130' title='bbox 684 2156 837 2234; x_wconf 90' lang='lat' dir='ltr'><strong>iustitiam</strong></span> <span class='ocrx_word' id='word_1_131' title='bbox 858 2159 999 2220; x_wconf 91' lang='lat' dir='ltr'><strong>nostram</strong></span> <span class='ocrx_word' id='word_1_132' title='bbox 1020 2176 1115 2239; x_wconf 87' lang='lat' dir='ltr'><strong>super</strong></span> <span class='ocrx_word' id='word_1_133' title='bbox 1132 2157 1259 2221; x_wconf 89' lang='lat' dir='ltr'><strong>laudem</strong></span> <span class='ocrx_word' id='word_1_134' title='bbox 1278 2158 1378 2222; x_wconf 89' lang='lat' dir='ltr'><strong>nostri</strong></span> 
     </span>
     <span class='ocr_line' id='line_1_18' title="bbox 229 2261 1376 2345; baseline 0 -17"><span class='ocrx_word' id='word_1_135' title='bbox 229 2265 445 2330; x_wconf 86' lang='lat' dir='ltr'><strong>iustificaloris</strong></span> <span class='ocrx_word' id='word_1_136' title='bbox 470 2263 609 2340; x_wconf 84' lang='lat' dir='ltr'><strong>extollat,</strong></span> <span class='ocrx_word' id='word_1_137' title='bbox 633 2267 670 2326; x_wconf 91' lang='lat' dir='ltr'><strong>ut</strong></span> <span class='ocrx_word' id='word_1_138' title='bbox 688 2263 801 2326; x_wconf 90' lang='lat' dir='ltr'><strong>horum</strong></span> <span class='ocrx_word' id='word_1_139' title='bbox 821 2261 954 2326; x_wconf 93' lang='lat' dir='ltr'><strong>duorum</strong></span> <span class='ocrx_word' id='word_1_140' title='bbox 975 2264 1182 2345; x_wconf 89' lang='lat' dir='ltr'><strong>quodminus</strong></span> <span class='ocrx_word' id='word_1_141' title='bbox 1203 2267 1252 2327; x_wconf 87' lang='lat' dir='ltr'><strong>est</strong></span> <span class='ocrx_word' id='word_1_142' title='bbox 1271 2263 1376 2328; x_wconf 93' lang='lat' dir='ltr'><strong>diuino</strong></span> 
     </span>
     <span class='ocr_line' id='line_1_19' title="bbox 229 2369 1377 2452; baseline 0 -18"><span class='ocrx_word' id='word_1_143' title='bbox 229 2371 349 2435; x_wconf 89' lang='lat' dir='ltr'><strong>tribuat</strong></span> <span class='ocrx_word' id='word_1_144' title='bbox 372 2370 539 2446; x_wconf 89' lang='lat' dir='ltr'><strong>adiutorio,</strong></span> <span class='ocrx_word' id='word_1_145' title='bbox 565 2369 648 2452; x_wconf 90' lang='lat' dir='ltr'><strong>quod</strong></span> <span class='ocrx_word' id='word_1_146' title='bbox 672 2371 777 2432; x_wconf 90' lang='lat' dir='ltr'><strong>autem</strong></span> <span class='ocrx_word' id='word_1_147' title='bbox 802 2371 904 2434; x_wconf 90' lang='lat' dir='ltr'><strong>maius</strong></span> <span class='ocrx_word' id='word_1_148' title='bbox 924 2373 973 2434; x_wconf 88' lang='lat' dir='ltr'><strong>est</strong></span> <span class='ocrx_word' id='word_1_149' title='bbox 991 2371 1127 2434; x_wconf 89' lang='lat' dir='ltr'><strong>humano</strong></span> <span class='ocrx_word' id='word_1_150' title='bbox 1148 2374 1280 2451; x_wconf 90' lang='lat' dir='ltr'><strong>usurpet</strong></span> <span class='ocrx_word' id='word_1_151' title='bbox 1299 2371 1377 2435; x_wconf 91' lang='lat' dir='ltr'><strong>arbi-</strong></span> 
     </span>
     <span class='ocr_line' id='line_1_20' title="bbox 230 2476 1375 2560; baseline -0.003 -18"><span class='ocrx_word' id='word_1_152' title='bbox 230 2479 302 2556; x_wconf 85' lang='lat' dir='ltr'><strong>trio,</strong></span> <span class='ocrx_word' id='word_1_153' title='bbox 335 2481 366 2543; x_wconf 89' lang='lat' dir='ltr'><strong>ot</strong></span> <span class='ocrx_word' id='word_1_154' title='bbox 390 2477 418 2540; x_wconf 89' lang='lat' dir='ltr'><strong>si</strong></span> <span class='ocrx_word' id='word_1_155' title='bbox 442 2476 635 2542; x_wconf 82' lang='lat' dir='ltr'><strong>consenserit</strong></span> <span class='ocrx_word' id='word_1_156' title='bbox 658 2494 714 2539; x_wconf 90' lang='lat' dir='ltr'><strong>nos</strong></span> <span class='ocrx_word' id='word_1_157' title='bbox 739 2477 841 2560; x_wconf 87' lang='lat' dir='ltr'><strong>gratia</strong></span> <span class='ocrx_word' id='word_1_158' title='bbox 863 2477 914 2540; x_wconf 92' lang='lat' dir='ltr'><strong>dei</strong></span> <span class='ocrx_word' id='word_1_159' title='bbox 939 2477 1080 2558; x_wconf 88' lang='lat' dir='ltr'><strong>accipere</strong></span> <span class='ocrx_word' id='word_1_160' title='bbox 1108 2478 1281 2554; x_wconf 88' lang='lat' dir='ltr'><strong>caritatem,</strong></span> <span class='ocrx_word' id='word_1_161' title='bbox 1315 2496 1375 2541; x_wconf 90' lang='lat' dir='ltr'><strong>non</strong></span> 
     </span>
     <span class='ocr_line' id='line_1_21' title="bbox 185 2583 1373 2665; baseline -0.004 -16"><span class='ocrx_word' id='word_1_162' title='bbox 185 2611 211 2649; x_wconf 80' lang='lat'><strong>20</strong></span> <span class='ocrx_word' id='word_1_163' title='bbox 232 2586 277 2648; x_wconf 91' lang='lat' dir='ltr'><strong>sio</strong></span> <span class='ocrx_word' id='word_1_164' title='bbox 310 2583 435 2660; x_wconf 86' lang='lat' dir='ltr'><strong>sentiat,</strong></span> <span class='ocrx_word' id='word_1_165' title='bbox 469 2587 631 2663; x_wconf 87' lang='lat' dir='ltr'><strong>tamquam</strong></span> <span class='ocrx_word' id='word_1_166' title='bbox 659 2583 725 2646; x_wconf 91' lang='lat' dir='ltr'><strong>ulla</strong></span> <span class='ocrx_word' id='word_1_167' title='bbox 752 2584 865 2646; x_wconf 86' lang='lat' dir='ltr'><strong>merila</strong></span> <span class='ocrx_word' id='word_1_168' title='bbox 893 2584 974 2646; x_wconf 89' lang='lat' dir='ltr'><strong>bona</strong></span> <span class='ocrx_word' id='word_1_169' title='bbox 1001 2585 1108 2647; x_wconf 89' lang='lat' dir='ltr'><strong>nostra</strong></span> <span class='ocrx_word' id='word_1_170' title='bbox 1137 2584 1373 2665; x_wconf 89' lang='lat' dir='ltr'><strong>praecesserint.</strong></span> 
     </span>
     <span class='ocr_line' id='line_1_22' title="bbox 230 2689 1375 2772; baseline -0.003 -17"><span class='ocrx_word' id='word_1_171' title='bbox 230 2711 302 2755; x_wconf 89' lang='lat' dir='ltr'><strong>nam</strong></span> <span class='ocrx_word' id='word_1_172' title='bbox 327 2709 405 2772; x_wconf 89' lang='lat' dir='ltr'><strong>qnae</strong></span> <span class='ocrx_word' id='word_1_173' title='bbox 429 2689 541 2753; x_wconf 89' lang='lat' dir='ltr'><strong>merita</strong></span> <span class='ocrx_word' id='word_1_174' title='bbox 565 2690 646 2753; x_wconf 91' lang='lat' dir='ltr'><strong>bona</strong></span> <span class='ocrx_word' id='word_1_175' title='bbox 669 2692 746 2752; x_wconf 90' lang='lat' dir='ltr'><strong>tunc</strong></span> <span class='ocrx_word' id='word_1_176' title='bbox 769 2691 883 2754; x_wconf 87' lang='lat' dir='ltr'><strong>habere</strong></span> <span class='ocrx_word' id='word_1_177' title='bbox 907 2694 1100 2771; x_wconf 85' lang='lat' dir='ltr'><strong>poteramus,</strong></span> <span class='ocrx_word' id='word_1_178' title='bbox 1134 2690 1256 2770; x_wconf 87' lang='lat' dir='ltr'><strong>quando</strong></span> <span class='ocrx_word' id='word_1_179' title='bbox 1282 2690 1375 2753; x_wconf 91' lang='lat' dir='ltr'><strong>deum</strong></span> 
     </span>
     <span class='ocr_line' id='line_1_23' title="bbox 230 2793 1376 2879; baseline -0.002 -19"><span class='ocrx_word' id='word_1_180' title='bbox 230 2817 291 2862; x_wconf 90' lang='lat' dir='ltr'><strong>non</strong></span> <span class='ocrx_word' id='word_1_181' title='bbox 316 2796 549 2879; x_wconf 80' lang='lat' dir='ltr'><strong>diligebamus?</strong></span> <span class='ocrx_word' id='word_1_182' title='bbox 579 2798 615 2858; x_wconf 93' lang='lat' dir='ltr'><strong>ut</strong></span> <span class='ocrx_word' id='word_1_183' title='bbox 639 2795 720 2858; x_wconf 92' lang='lat' dir='ltr'><strong>enim</strong></span> <span class='ocrx_word' id='word_1_184' title='bbox 746 2796 960 2878; x_wconf 89' lang='lat' dir='ltr'><strong>acciperemus</strong></span> <span class='ocrx_word' id='word_1_185' title='bbox 985 2793 1197 2873; x_wconf 90' lang='lat' dir='ltr'><strong>dilectionem,</strong></span> <span class='ocrx_word' id='word_1_186' title='bbox 1223 2815 1284 2876; x_wconf 88' lang='lat' dir='ltr'><strong>qua</strong></span> <span class='ocrx_word' id='word_1_187' title='bbox 1307 2796 1376 2858; x_wconf 93' lang='lat' dir='ltr'><strong>dili-</strong></span> 
     </span>
     <span class='ocr_line' id='line_1_24' title="bbox 229 2901 1374 2986; baseline -0.001 -20"><span class='ocrx_word' id='word_1_188' title='bbox 229 2922 386 2986; x_wconf 83' lang='lat' dir='ltr'><strong>geremus,</strong></span> <span class='ocrx_word' id='word_1_189' title='bbox 421 2901 529 2965; x_wconf 89' lang='lat' dir='ltr'><strong>dilecti</strong></span> <span class='ocrx_word' id='word_1_190' title='bbox 563 2921 685 2976; x_wconf 89' lang='lat' dir='ltr'><strong>sumus,</strong></span> <span class='ocrx_word' id='word_1_191' title='bbox 711 2921 782 2965; x_wconf 91' lang='lat' dir='ltr'><strong>cum</strong></span> <span class='ocrx_word' id='word_1_192' title='bbox 817 2921 885 2965; x_wconf 91' lang='lat' dir='ltr'><strong>eam</strong></span> <span class='ocrx_word' id='word_1_193' title='bbox 914 2901 1052 2965; x_wconf 91' lang='lat' dir='ltr'><strong>nondum</strong></span> <span class='ocrx_word' id='word_1_194' title='bbox 1084 2901 1283 2965; x_wconf 90' lang='lat' dir='ltr'><strong>haberemus.</strong></span> <span class='ocrx_word' id='word_1_195' title='bbox 1316 2902 1374 2965; x_wconf 88' lang='lat' dir='ltr'><strong>hoc</strong></span> 
     </span>
     <span class='ocr_line' id='line_1_25' title="bbox 229 3007 1374 3090; baseline -0.002 -18"><span class='ocrx_word' id='word_1_196' title='bbox 229 3011 384 3073; x_wconf 88' lang='lat' dir='ltr'><strong>Iohannes</strong></span> <span class='ocrx_word' id='word_1_197' title='bbox 409 3009 574 3089; x_wconf 86' lang='lat' dir='ltr'><strong>apostolus</strong></span> <span class='ocrx_word' id='word_1_198' title='bbox 600 3009 798 3090; x_wconf 86' lang='lat' dir='ltr'><strong>apertissime</strong></span> <span class='ocrx_word' id='word_1_199' title='bbox 819 3009 909 3072; x_wconf 89' lang='lat' dir='ltr'><strong>dicit:</strong></span> <span class='ocrx_word' id='word_1_200' title='bbox 934 3028 1004 3071; x_wconf 88' lang='lat' dir='ltr'><strong>non</strong></span> <span class='ocrx_word' id='word_1_201' title='bbox 1029 3008 1127 3090; x_wconf 87' lang='lat' dir='ltr'><strong>quod</strong></span> <span class='ocrx_word' id='word_1_202' title='bbox 1151 3027 1216 3072; x_wconf 89' lang='lat' dir='ltr'><strong>nos</strong></span> <span class='ocrx_word' id='word_1_203' title='bbox 1241 3007 1374 3071; x_wconf 83' lang='lat' dir='ltr'><strong>dilexe-</strong></span> 
     </span>
     <span class='ocr_line' id='line_1_26' title="bbox 184 3113 1373 3196; baseline -0.001 -19"><span class='ocrx_word' id='word_1_204' title='bbox 184 3115 344 3180; x_wconf 70' lang='lat' dir='ltr'><strong>abiimus</strong></span> <span class='ocrx_word' id='word_1_205' title='bbox 375 3113 491 3193; x_wconf 93' lang='lat' dir='ltr'><strong>deum,</strong></span> <span class='ocrx_word' id='word_1_206' title='bbox 526 3114 590 3177; x_wconf 91' lang='lat' dir='ltr'><strong>sed</strong></span> <span class='ocrx_word' id='word_1_207' title='bbox 619 3114 705 3196; x_wconf 88' lang='lat' dir='ltr'><strong>quia</strong></span> <span class='ocrx_word' id='word_1_208' title='bbox 736 3114 817 3194; x_wconf 90' lang='lat' dir='ltr'><strong>ipse</strong></span> <span class='ocrx_word' id='word_1_209' title='bbox 852 3114 986 3178; x_wconf 83' lang='lat' dir='ltr'><strong>dilexit</strong></span> <span class='ocrx_word' id='word_1_210' title='bbox 1018 3133 1093 3191; x_wconf 92' lang='lat' dir='ltr'><strong>nos,</strong></span> <span class='ocrx_word' id='word_1_211' title='bbox 1128 3117 1159 3178; x_wconf 93' lang='grc'><strong>66</strong></span> <span class='ocrx_word' id='word_1_212' title='bbox 1188 3114 1278 3178; x_wconf 90' lang='lat' dir='ltr'><strong>alibi:</strong></span> <span class='ocrx_word' id='word_1_213' title='bbox 1308 3131 1373 3177; x_wconf 91' lang='lat' dir='ltr'><strong>nos</strong></span> 
     </span>
     <span class='ocr_line' id='line_1_27' title="bbox 230 3219 1373 3304; baseline 0.001 -21"><span class='ocrx_word' id='word_1_214' title='bbox 230 3221 446 3304; x_wconf 88' lang='lat' dir='ltr'><strong>diligamus,</strong></span> <span class='ocrx_word' id='word_1_215' title='bbox 479 3221 592 3302; x_wconf 87' lang='lat' dir='ltr'><strong>inquit,</strong></span> <span class='ocrx_word' id='word_1_216' title='bbox 627 3221 713 3302; x_wconf 91' lang='lat' dir='ltr'><strong>quia</strong></span> <span class='ocrx_word' id='word_1_217' title='bbox 740 3221 821 3302; x_wconf 89' lang='lat' dir='ltr'><strong>ipsc</strong></span> <span class='ocrx_word' id='word_1_218' title='bbox 849 3220 952 3300; x_wconf 89' lang='lat' dir='ltr'><strong>prior</strong></span> <span class='ocrx_word' id='word_1_219' title='bbox 981 3220 1115 3284; x_wconf 83' lang='lat' dir='ltr'><strong>dilexit</strong></span> <span class='ocrx_word' id='word_1_220' title='bbox 1147 3239 1222 3284; x_wconf 90' lang='grc'><strong>666.</strong></span> <span class='ocrx_word' id='word_1_221' title='bbox 1255 3219 1373 3302; x_wconf 87' lang='lat' dir='ltr'><strong>optime</strong></span> 
     </span>
     <span class='ocr_line' id='line_1_28' title="bbox 229 3327 1373 3408; baseline 0 -18"><span class='ocrx_word' id='word_1_222' title='bbox 229 3327 354 3391; x_wconf 91' lang='lat' dir='ltr'><strong>omnino</strong></span> <span class='ocrx_word' id='word_1_223' title='bbox 389 3331 482 3408; x_wconf 90' lang='lat' dir='ltr'><strong>atque</strong></span> <span class='ocrx_word' id='word_1_224' title='bbox 516 3327 693 3392; x_wconf 89' lang='lat' dir='ltr'><strong>uerissime.</strong></span> <span class='ocrx_word' id='word_1_225' title='bbox 726 3347 787 3391; x_wconf 90' lang='lat' dir='ltr'><strong>nou</strong></span> <span class='ocrx_word' id='word_1_226' title='bbox 821 3327 903 3390; x_wconf 90' lang='lat' dir='ltr'><strong>enim</strong></span> <span class='ocrx_word' id='word_1_227' title='bbox 937 3327 1135 3404; x_wconf 88' lang='lat' dir='ltr'><strong>haberemus,</strong></span> <span class='ocrx_word' id='word_1_228' title='bbox 1168 3328 1250 3390; x_wconf 92' lang='lat' dir='ltr'><strong>unde</strong></span> <span class='ocrx_word' id='word_1_229' title='bbox 1282 3327 1373 3390; x_wconf 91' lang='lat' dir='ltr'><strong>illum</strong></span> 
     </span>
     <span class='ocr_line' id='line_1_29' title="bbox 228 3423 1373 3516; baseline 0 -20"><span class='ocrx_word' id='word_1_230' title='bbox 228 3434 444 3515; x_wconf 87' lang='lat' dir='ltr'><strong>diligeremus,</strong></span> <span class='ocrx_word' id='word_1_231' title='bbox 473 3433 534 3496; x_wconf 91' lang='grc'><strong>6161</strong></span> <span class='ocrx_word' id='word_1_232' title='bbox 557 3423 617 3498; x_wconf 89' lang='lat' dir='ltr'><strong>boc</strong></span> <span class='ocrx_word' id='word_1_233' title='bbox 642 3434 679 3496; x_wconf 92' lang='lat' dir='ltr'><strong>alo</strong></span> <span class='ocrx_word' id='word_1_234' title='bbox 703 3434 770 3510; x_wconf 89' lang='lat' dir='ltr'><strong>illo,</strong></span> <span class='ocrx_word' id='word_1_235' title='bbox 800 3453 872 3497; x_wconf 86' lang='lat' dir='ltr'><strong>cum</strong></span> <span class='ocrx_word' id='word_1_236' title='bbox 895 3433 980 3514; x_wconf 88' lang='lat' dir='ltr'><strong>prior</strong></span> <span class='ocrx_word' id='word_1_237' title='bbox 1002 3452 1059 3496; x_wconf 89' lang='lat' dir='ltr'><strong>nos</strong></span> <span class='ocrx_word' id='word_1_238' title='bbox 1084 3433 1241 3516; x_wconf 85' lang='lat' dir='ltr'><strong>diligeret,</strong></span> <span class='ocrx_word' id='word_1_239' title='bbox 1270 3452 1373 3496; x_wconf 90' lang='lat' dir='ltr'><strong>sume-</strong></span> 
     </span>
     <span class='ocr_line' id='line_1_30' title="bbox 226 3539 1374 3622; baseline 0 -20"><span class='ocrx_word' id='word_1_240' title='bbox 226 3559 342 3603; x_wconf 88' lang='lat' dir='ltr'><strong>remus.</strong></span> <span class='ocrx_word' id='word_1_241' title='bbox 367 3539 442 3621; x_wconf 87' lang='lat' dir='ltr'><strong>quid</strong></span> <span class='ocrx_word' id='word_1_242' title='bbox 466 3543 572 3603; x_wconf 90' lang='lat' dir='ltr'><strong>autem</strong></span> <span class='ocrx_word' id='word_1_243' title='bbox 592 3539 666 3602; x_wconf 91' lang='lat' dir='ltr'><strong>boni</strong></span> <span class='ocrx_word' id='word_1_244' title='bbox 684 3540 869 3616; x_wconf 86' lang='lat' dir='ltr'><strong>faceremus,</strong></span> <span class='ocrx_word' id='word_1_245' title='bbox 894 3539 956 3603; x_wconf 89' lang='lat' dir='ltr'><strong>nisi</strong></span> <span class='ocrx_word' id='word_1_246' title='bbox 975 3539 1200 3622; x_wconf 82' lang='lat' dir='ltr'><strong>diligeremus?</strong></span> <span class='ocrx_word' id='word_1_247' title='bbox 1225 3542 1279 3602; x_wconf 87' lang='lat' dir='ltr'><strong>aut</strong></span> <span class='ocrx_word' id='word_1_248' title='bbox 1299 3558 1374 3620; x_wconf 89' lang='lat' dir='ltr'><strong>quo-</strong></span> 
     </span>
    </p>
   </div>
   <div class='ocr_carea' id='block_1_3' title="bbox 316 3779 1372 3850">
    <p class='ocr_par' dir='ltr' id='par_1_3' title="bbox 316 3779 1372 3850">
     <span class='ocr_line' id='line_1_31' title="bbox 316 3779 1372 3850; baseline 0.005 -19"><span class='ocrx_word' id='word_1_249' title='bbox 316 3780 380 3832; x_wconf 87' lang='grc'><strong>411</strong></span> <span class='ocrx_word' id='word_1_250' title='bbox 401 3779 460 3834; x_wconf 82' lang='lat' dir='ltr'><strong>Cor.</strong></span> <span class='ocrx_word' id='word_1_251' title='bbox 481 3783 543 3843; x_wconf 85' lang='lat'><strong>3,5</strong></span> <span class='ocrx_word' id='word_1_252' title='bbox 588 3782 811 3850; x_wconf 60' lang='grc'><strong>1311166161</strong></span> <span class='ocrx_word' id='word_1_253' title='bbox 855 3783 997 3838; x_wconf 83' lang='grc' dir='ltr'><strong>24Ι1616.</strong></span> <span class='ocrx_word' id='word_1_254' title='bbox 1017 3785 1042 3847; x_wconf 87' lang='grc'><strong>4,</strong></span> <span class='ocrx_word' id='word_1_255' title='bbox 1065 3785 1105 3838; x_wconf 84' lang='lat' dir='ltr'><strong>ld.</strong></span> <span class='ocrx_word' id='word_1_256' title='bbox 1147 3783 1372 3846; x_wconf 81' lang='lat' dir='ltr'>25110h.4‚19</span> 
     </span>
    </p>
   </div>
   <div class='ocr_carea' id='block_1_4' title="bbox 226 3905 1374 4328">
    <p class='ocr_par' dir='ltr' id='par_1_4' title="bbox 226 3905 1374 4328">
     <span class='ocr_line' id='line_1_32' title="bbox 268 3905 1371 3980; baseline 0.003 -24"><span class='ocrx_word' id='word_1_257' title='bbox 268 3908 456 3974; x_wconf 88' lang='lat' dir='ltr'><strong>lprouectum</strong></span> <span class='ocrx_word' id='word_1_258' title='bbox 480 3905 600 3958; x_wconf 78' lang='lat' dir='ltr'><strong>OooTP</strong></span> <span class='ocrx_word' id='word_1_259' title='bbox 653 3907 768 3960; x_wconf 85' lang='lat' dir='ltr'><strong>2liberl</strong></span> <span class='ocrx_word' id='word_1_260' title='bbox 788 3907 894 3960; x_wconf 84' lang='lat' dir='ltr'><strong>arbitrii</strong></span> <span class='ocrx_word' id='word_1_261' title='bbox 914 3909 951 3961; x_wconf 87' lang='lat' dir='ltr'><strong>bd</strong></span> <span class='ocrx_word' id='word_1_262' title='bbox 1004 3907 1241 3980; x_wconf 15' lang='lat' dir='ltr'><strong>drespondetnbd</strong></span> <span class='ocrx_word' id='word_1_263' title='bbox 1294 3907 1371 3974; x_wconf 75' lang='lat' dir='ltr'><strong>ber]</strong></span> 
     </span>
     <span class='ocr_line' id='line_1_33' title="bbox 227 3992 1367 4064; baseline 0.001 -19"><span class='ocrx_word' id='word_1_264' title='bbox 227 3992 288 4046; x_wconf 83' lang='grc'><strong>60</strong></span> <span class='ocrx_word' id='word_1_265' title='bbox 358 3992 631 4046; x_wconf 80' lang='grc' dir='ltr'><strong>91666666661Τ</strong></span> <span class='ocrx_word' id='word_1_266' title='bbox 702 3994 732 4047; x_wconf 95' lang='grc'><strong>11</strong></span> <span class='ocrx_word' id='word_1_267' title='bbox 755 3996 878 4064; x_wconf 90' lang='lat' dir='ltr'><strong>apperiat</strong></span> <span class='ocrx_word' id='word_1_268' title='bbox 900 3997 925 4048; x_wconf 89' lang='lat' dir='ltr'><em>T</em></span> <span class='ocrx_word' id='word_1_269' title='bbox 996 3997 1125 4064; x_wconf 89' lang='lat' dir='ltr'><strong>pertinaci</strong></span> <span class='ocrx_word' id='word_1_270' title='bbox 1150 3995 1191 4048; x_wconf 87' lang='lat' dir='ltr'><strong>Vb</strong></span> <span class='ocrx_word' id='word_1_271' title='bbox 1262 3995 1294 4047; x_wconf 84' lang='lat'><strong>12</strong></span> <span class='ocrx_word' id='word_1_272' title='bbox 1315 4011 1367 4047; x_wconf 90' lang='lat' dir='ltr'><strong>cor·</strong></span> 
     </span>
     <span class='ocr_line' id='line_1_34' title="bbox 226 4081 1374 4153; baseline 0.002 -19"><span class='ocrx_word' id='word_1_273' title='bbox 226 4081 349 4150; x_wconf 87' lang='lat' dir='ltr'><strong>reptione</strong></span> <span class='ocrx_word' id='word_1_274' title='bbox 368 4097 402 4135; x_wconf 84' lang='lat' dir='ltr'><strong>m.</strong></span> <span class='ocrx_word' id='word_1_275' title='bbox 423 4085 438 4132; x_wconf 92' lang='lat'><strong><em>1</em></strong></span> <span class='ocrx_word' id='word_1_276' title='bbox 460 4082 485 4133; x_wconf 88' lang='lat' dir='ltr'><em>T</em></span> <span class='ocrx_word' id='word_1_277' title='bbox 538 4083 732 4150; x_wconf 86' lang='lat' dir='ltr'><strong>cogitationem</strong></span> <span class='ocrx_word' id='word_1_278' title='bbox 755 4084 821 4137; x_wconf 87' lang='lat' dir='ltr'><strong>TPb</strong></span> <span class='ocrx_word' id='word_1_279' title='bbox 869 4085 901 4138; x_wconf 88' lang='lat'><strong>15</strong></span> <span class='ocrx_word' id='word_1_280' title='bbox 921 4085 965 4138; x_wconf 81' lang='lat' dir='ltr'><strong>un&#39;</strong></span> <span class='ocrx_word' id='word_1_281' title='bbox 985 4086 1049 4137; x_wconf 84' lang='lat' dir='ltr'><strong>min&#39;</strong></span> <span class='ocrx_word' id='word_1_282' title='bbox 1073 4084 1098 4136; x_wconf 93' lang='lat' dir='ltr'><em>T</em></span> <span class='ocrx_word' id='word_1_283' title='bbox 1142 4083 1305 4153; x_wconf 79' lang='grc'><strong>1616161616</strong></span> <span class='ocrx_word' id='word_1_284' title='bbox 1330 4083 1374 4136; x_wconf 86' lang='lat' dir='ltr'><strong>Vd</strong></span> 
     </span>
     <span class='ocr_line' id='line_1_35' title="bbox 226 4169 1371 4240; baseline 0.002 -18"><span class='ocrx_word' id='word_1_285' title='bbox 226 4171 318 4238; x_wconf 86' lang='lat' dir='ltr'><strong>super]</strong></span> <span class='ocrx_word' id='word_1_286' title='bbox 339 4185 387 4238; x_wconf 88' lang='lat' dir='ltr'><strong>per</strong></span> <span class='ocrx_word' id='word_1_287' title='bbox 410 4169 490 4222; x_wconf 89' lang='lat' dir='ltr'><strong>TPV</strong></span> <span class='ocrx_word' id='word_1_288' title='bbox 559 4171 745 4224; x_wconf 88' lang='lat' dir='ltr'><strong>iustificatoris</strong></span> <span class='ocrx_word' id='word_1_289' title='bbox 765 4174 852 4224; x_wconf 87' lang='lat' dir='ltr'><strong>nostri</strong></span> <span class='ocrx_word' id='word_1_290' title='bbox 867 4173 903 4225; x_wconf 86' lang='lat' dir='ltr'><strong>bd</strong></span> <span class='ocrx_word' id='word_1_291' title='bbox 961 4173 996 4225; x_wconf 86' lang='grc'><strong>24</strong></span> <span class='ocrx_word' id='word_1_292' title='bbox 1015 4188 1063 4224; x_wconf 83' lang='grc'><strong>666</strong></span> <span class='ocrx_word' id='word_1_293' title='bbox 1082 4187 1132 4224; x_wconf 80' lang='lat' dir='ltr'><strong>orn.</strong></span> <span class='ocrx_word' id='word_1_294' title='bbox 1157 4171 1206 4223; x_wconf 88' lang='grc' dir='ltr'><strong>ΤΡ</strong></span> <span class='ocrx_word' id='word_1_295' title='bbox 1260 4171 1371 4240; x_wconf 75' lang='grc'><strong>251666</strong></span> 
     </span>
     <span class='ocr_line' id='line_1_36' title="bbox 226 4257 639 4328; baseline 0.007 -20"><span class='ocrx_word' id='word_1_296' title='bbox 226 4258 334 4326; x_wconf 88' lang='lat' dir='ltr'><strong>priorb</strong></span> <span class='ocrx_word' id='word_1_297' title='bbox 390 4258 424 4311; x_wconf 83' lang='lat'><strong>26</strong></span> <span class='ocrx_word' id='word_1_298' title='bbox 445 4257 583 4328; x_wconf 92' lang='lat' dir='ltr'><strong>diligimus</strong></span> <span class='ocrx_word' id='word_1_299' title='bbox 602 4259 639 4311; x_wconf 84' lang='lat' dir='ltr'><em>M</em></span> 
     </span>
    </p>
   </div>
   <div class='ocr_carea' id='block_1_5' title="bbox 1286 4365 1333 4417">
    <p class='ocr_par' dir='ltr' id='par_1_5' title="bbox 1286 4365 1333 4417">
     <span class='ocr_line' id='line_1_37' title="bbox 1286 4365 1333 4417; baseline 0.021 -1"><span class='ocrx_word' id='word_1_300' title='bbox 1286 4365 1333 4417; x_wconf 81' lang='lat'><strong>10*</strong></span> 
     </span>
    </p>
   </div>
   <div class='ocr_carea' id='block_1_6' title="bbox 0 0 1696 4924">
    <p class='ocr_par' dir='ltr' id='par_1_6' title="bbox 0 0 1696 4924">
     <span class='ocr_line' id='line_1_38' title="bbox 0 0 1696 4924; baseline 0 3"><span class='ocrx_word' id='word_1_301' title='bbox 0 0 1696 4924; x_wconf 95' lang='lat' dir='ltr'><strong> </strong></span> 
     </span>
    </p>
   </div>
  </div>
 </body>
</html>
