3388 4946
607 371 649 426 de
677 378 840 443 peccato
869 375 1064 444 originali
1339 377 1399 440 181

257 568 383 649 possit?
417 565 527 630 deiude
552 566 622 648 quis
650 568 716 629 tam
744 565 860 648 inpius,
895 568 948 648 qui
976 569 1127 650 paruulos
1152 571 1290 632 exsortes
1314 567 1402 652 regni

259 675 419 740 caelorum
444 692 514 737 esse
538 673 626 751 uelit,
661 673 735 736 dum
761 692 813 738 eos
841 673 995 757 baptizari
1019 673 1104 736 etin
1130 673 1255 740 Christo
1279 675 1400 739 renasci

258 784 379 846 uetat?¹

303 888 436 952 XVIIII.
470 889 520 950 21.
553 887 684 951 Frustra
715 887 778 951 ista
814 887 902 967 dicit,
940 908 999 952 non
1032 887 1104 950 inde
1137 906 1170 950 se
1207 891 1333 970 purgat.
1371 886 1400 948 in

227 1014 389 1079 sregnum
418 995 577 1058 caelorum
610 994 676 1058 sine
704 994 863 1076 baptismo
892 995 1041 1077 paruulos
1069 993 1184 1057 intrare
1212 1012 1272 1057 non
1308 1011 1401 1074 posse

259 1120 316 1164 nec
337 1101 401 1183 ipsi
423 1099 590 1181 aliquando
613 1105 817 1183 negauerunt.
846 1100 900 1164 sed
924 1119 983 1164 non
1007 1100 1079 1164 inde
1102 1099 1246 1182 quaestio
1271 1103 1333 1174 est;
1364 1097 1401 1160 de

259 1207 446 1292 purgatione
470 1206 632 1290 originalis
655 1207 778 1289 peccati
801 1207 831 1269 in
855 1207 997 1288 pernulla
1022 1205 1165 1289 quaestio
1190 1205 1247 1270 est.
1270 1203 1343 1268 inde
1367 1223 1400 1268 se

258 1315 382 1396 purget,
406 1312 460 1394 qui
483 1331 543 1376 non
562 1313 634 1375 uult
652 1312 744 1375 fateri
763 1312 923 1376 lauaorum
944 1313 1188 1397 regenerationis
1207 1312 1238 1375 in
1259 1310 1401 1395 paruulis

259 1420 372 1483 habere
396 1418 480 1502 quod
503 1421 626 1502 purget.
661 1422 692 1483 et
719 1418 789 1482 ideo
819 1427 922 1482 cetera
951 1439 1029 1501 quae
1058 1419 1200 1483 dicturus
1230 1422 1279 1482 θεῖ
1302 1419 1400 1481 atten-

215 1551 240 1589 ιο
260 1525 382 1588 damus
401 1528 475 1608 post
492 1524 715 1606 interpositum
736 1525 816 1589 enim
833 1545 867 1588 er
884 1525 1046 1608 euangelio
1067 1524 1296 1602 testimonium,
1318 1524 1401 1606 quod

260 1631 334 1694 nisi
356 1635 507 1696 renatus
529 1651 568 1696 er
588 1651 680 1714 aqua
700 1635 736 1695 et
755 1631 894 1712 spiritu
913 1651 1064 1715 regnum
1086 1632 1274 1696 caelorum
1293 1632 1400 1694 nullus

259 1738 362 1821 possit
384 1739 534 1814 intrare,
559 1738 642 1802 unde
665 1739 740 1816 illis,
768 1741 805 1802 ut
829 1737 975 1813 diximus,
1005 1738 1091 1802 nulla
1113 1739 1150 1801 fit
1174 1738 1328 1821 quaestio,
1353 1756 1400 1801 se·

259 1849 352 1909 cutus
376 1845 517 1909 adiunxit
540 1845 663 1910 dicens:
686 1845 767 1928 ‘quIs
791 1845 844 1908 ille
868 1849 933 1909 tam
953 1845 1058 1927 Inpius
1079 1850 1137 1919 est,
1158 1845 1210 1926 qui
1230 1843 1402 1908 cuiuslibet

260 1953 372 2016 aetatis
395 1953 527 2035 paruulo
551 1951 718 2016 interdicat
742 1971 940 2017 communem
964 1952 1094 2016 humani
1114 1951 1237 2035 generis
1260 1949 1400 2030 redemp-

212 2083 240 2124 ιε
258 2059 409 2122 tionem?
432 2062 463 2122 et
490 2059 550 2123 hoc
578 2059 763 2141 ambiguum
792 2062 851 2136 est,
883 2059 1008 2140 qualem
1033 2058 1117 2122 dicat
1139 2055 1400 2140 redemptionem:

259 2171 364 2230 utrum
397 2185 432 2229 er
464 2165 547 2229 malo
581 2165 620 2228 ad
648 2166 764 2228 bonurn
795 2185 832 2228 an
862 2185 897 2228 ex
926 2165 1006 2230 bono
1035 2166 1073 2229 ad
1106 2166 1231 2230 melius.
1264 2186 1333 2230 uam
1369 2173 1401 2232 et

259 2273 435 2338 Caelestius
459 2271 542 2354 apud
566 2271 788 2355 Carthaginem
808 2271 839 2334 in
859 2271 966 2336 libello
987 2291 1044 2336 suo
1064 2271 1312 2356 redemptionem
1331 2293 1401 2338 cou-

257 2381 361 2442 fessus
390 2383 438 2442 est
461 2379 665 2461 paruulorum
694 2381 725 2442 et
752 2381 856 2442 tamen
886 2374 989 2442 noluit
1016 2378 1157 2442 confiteri
1185 2398 1220 2442 ex
1243 2379 1344 2444 Adam
1368 2380 1398 2442 in

259 2504 312 2550 eos
335 2483 487 2548 transisse
511 2487 686 2564 peccatum.

211 2615 240 2656 ao
301 2591 369 2654 XX.
400 2592 452 2654 22.
486 2590 548 2655 Sed
577 2590 652 2672 quid
680 2589 792 2654 deinde
819 2590 880 2654 iste
909 2591 1089 2674 subiungat,
1114 2591 1281 2656 adtendite.
1304 2593 1346 2655 ‘et
1369 2592 1401 2654 iu

257 2699 460 2778 perpetuam‘,
484 2697 598 2778 inquit,
623 2701 813 2779 ‘certamque
841 2699 941 2761 uitam
974 2698 1094 2762 renasci
1126 2701 1215 2762 uctet
1247 2718 1317 2761 eum
1347 2699 1400 2779 qni

259 2808 350 2867 natus
375 2803 418 2868 sit
441 2805 480 2868 ad
502 2804 686 2867 incertam‘l’
709 2803 742 2866 id
766 2807 828 2867 est:
854 2804 925 2885 quit
949 2808 1015 2868 tam
1038 2803 1144 2886 inpius
1169 2808 1228 2874 est.
1253 2809 1289 2868 ut
1312 2809 1401 2868 netet

257 2909 379 2974 renasci
403 2909 441 2973 ad
465 2912 648 2993 perpetuam
674 2913 853 2992 certamque
877 2911 976 2974 uitam
1005 2930 1078 2975 eum
1102 2909 1155 2992 qui
1178 2915 1272 2975 natus
1297 2912 1339 2976 sit
1362 2911 1401 2974 ad

257 3013 428 3078 incertam?
460 3016 537 3079 haee
571 3016 666 3079 uerba
699 3015 821 3096 quaudo
854 3015 1001 3097 primitus
1029 3015 1175 3099 legimus,
1209 3015 1400 3081 credidimus

212 3146 239 3186 aa
259 3139 330 3184 eum
344 3121 494 3185 incertam
509 3121 608 3184 uitam
623 3123 716 3185 istam
733 3121 875 3184 uoluisse
895 3122 997 3185 dicere
1016 3123 1234 3204 temporalem,
1255 3122 1400 3203 quamuis

258 3227 348 3292 nobis
377 3228 537 3293 uideretur
565 3229 665 3313 magis
694 3247 763 3292 eam
792 3229 957 3291 mortalem
991 3227 1094 3292 dicere
1127 3229 1283 3292 debuisse¹
1307 3247 1400 3309 quam

257 3333 418 3414 incertam,
433 3354 468 3399 eo
488 3335 572 3416 quod
591 3337 675 3398 certa
693 3339 794 3398 morte
813 3335 948 3398 finiatur.
968 3339 1073 3399 tamen
1093 3334 1243 3416 quamdiu
1264 3335 1400 3410 ducitur,

258 3439 405 3520 quoniam
429 3440 597 3504 momentis
622 3441 768 3504 omnibus
792 3459 862 3504 esse
885 3461 944 3504 non
968 3440 1130 3504 dubitatur
1160 3441 1289 3518 Incerta,
1322 3441 1400 3504 nihil

257 3545 345 3608 aliud
373 3565 445 3608 eum
472 3545 657 3628 putauimus
687 3565 780 3626 quam
807 3545 902 3610 istam
931 3547 1096 3609 mortalem
1123 3546 1223 3608 uitam
1249 3546 1399 3610 maluisse

349 3787 380 3839 11
400 3785 458 3839 Iolr.
478 3788 502 3854 3,
522 3789 538 3840 5

296 3912 309 3964 1
331 3915 435 3964 exortes
457 3911 508 3964 ΤΡ
574 3913 590 3964 3
610 3913 697 3980 uetat}
718 3916 796 3981 putat
819 3912 913 3966 TPOh
931 3913 1033 3975 m.1,b
1089 3915 1104 3968 6
1123 3915 1303 3982 negauerunt]
1322 3917 1399 3983 puta-

258 4002 357 4053 uerunt
381 3999 406 4051 V
464 4001 494 4053 11
516 4000 606 4053 nullus
625 4015 676 4056 ont.
700 4000 726 4053 V
785 4001 817 4054 12
837 3999 937 4054 dixio
995 4003 1027 4055 13
1047 3999 1232 4055 adiuueritT
1286 4003 1317 4056 17
1338 4019 1400 4055 ocu-

257 4089 346 4142 lessus
366 4094 407 4142 est
426 4089 637 4159 redemptionem
658 4089 694 4142 bd
749 4091 783 4143 20
804 4088 937 4143 aduertite
958 4090 994 4144 bd
1056 4090 1088 4144 21
1110 4094 1268 4160 perpetuam
1288 4095 1399 4144 certarn-

259 4195 311 4247 que
330 4179 415 4232 uitam
433 4179 567 4247 inquitO
620 4180 653 4232 22
673 4182 702 4231 ta
721 4178 827 4247 piusO
879 4180 914 4233 24
934 4179 1063 4232 incertam
1084 4180 1273 4233 om.m.1M
1323 4181 1357 4234 25
1372 4181 1399 4234 in

259 4271 359 4320 certam
383 4267 424 4322 Oh
478 4269 512 4322 26
533 4285 591 4322 eum
611 4267 769 4321 MCCerP
822 4269 856 4321 29
876 4283 937 4321 eum
956 4267 1074 4320 aliudO
