3388 4946
282 343 345 406 170
633 339 659 392 S.
688 338 825 392 Aureli
857 337 1074 408 Augustini

279 555 410 618 regnum
435 536 595 600 caelorum
618 535 743 599 nonnisi
765 535 934 618 baptizatis
958 554 1052 618 posse
1076 534 1219 599 conferri.
1244 534 1328 617 quod
1352 533 1427 616 quin

278 642 363 706 uires
386 645 515 706 naturae
539 661 599 706 non
622 641 748 718 habent,
773 641 907 706 conferri
931 641 1144 706 necessarium
1164 643 1213 706 est
1230 660 1286 723 per
1305 641 1425 724 gratiae

276 747 476 813 libertatem’.
495 748 523 812 si
546 748 625 812 nibil
649 748 687 811 de
710 748 769 811 hac
791 767 824 810 re
848 748 995 830 deinceps
1019 747 1147 824 diceret,
1172 747 1242 828 quis
1266 766 1327 810 non
1351 766 1424 811 eum

279 854 420 918 crederet
443 854 583 919 confiteri
607 855 704 918 etiam
726 853 900 918 infantibus
925 855 956 917 in
981 853 1140 935 baptismo
1164 853 1331 938 originalia
1353 871 1424 936 pec-

279 964 349 1026 cata
372 959 492 1024 dimitti
517 961 648 1026 dicendo
673 979 727 1026 eos
751 960 1023 1053 inremissionem
1046 963 1248 1042 peccatorum
1271 958 1425 1042 baptizari
1456 975 1468 1012 ⁵

279 1070 444 1153 oportere?
475 1067 549 1130 hine
583 1086 657 1151 ergo
686 1071 791 1130 estet
821 1066 903 1131 illud
935 1067 1020 1148 quod
1053 1066 1228 1148 scripsistis
1257 1067 1304 1130 sic
1331 1067 1425 1131 uobis

277 1172 478 1254 respondisse
501 1174 668 1258 Pelagium
691 1173 786 1254 ‘quod
814 1173 934 1237 eisdem
962 1173 1078 1256 quibus
1102 1177 1134 1237 et
1160 1173 1296 1236 maiores
1324 1191 1426 1237 sacra·

278 1280 378 1342 menti
404 1269 512 1343 uerbis
539 1281 739 1362 baptizentur
765 1280 913 1344 infantes’
941 1299 1063 1361 uosque
1095 1279 1195 1343 fnisse
1227 1279 1364 1344 laetatos
1392 1279 1425 1342 id

279 1385 361 1466 quod
391 1385 566 1468 cupiebatis
596 1386 724 1450 audisse
752 1389 916 1450 ettamen
946 1385 1047 1449 adhue
1076 1385 1113 1448 de
1143 1385 1250 1449 uerbis
1274 1385 1343 1449 eius
1367 1404 1424 1448 nos

278 1493 431 1555 maluisse
456 1493 630 1556 consulere.
1082 1507 1089 1520 ·
1444 1508 1469 1546 10

323 1598 376 1663 VI.
401 1600 429 1662 6.
452 1599 615 1663 Attendite
642 1600 751 1680 itaque
775 1599 851 1680 qnid
876 1599 1053 1664 Caelestius
1077 1598 1276 1681 apertissime
1301 1599 1423 1675 dixerit,

279 1708 311 1768 et
341 1705 387 1768 ibi
418 1705 569 1769 uidebitis
602 1705 678 1787 quid
705 1705 798 1770 uobis
821 1705 973 1788 Pelagius
996 1707 1214 1770 occultanerit.
1247 1705 1424 1770 Caelestius

279 1811 395 1892 quippe
419 1811 565 1894 adiungit
598 1814 630 1876 et
653 1811 743 1876 dicit:
778 1811 821 1874 ‘in
848 1812 1068 1876 remissionem
1092 1816 1198 1876 antem
1220 1815 1423 1895 peccatorum

277 1917 484 1997 baptizandos
520 1918 657 1981 infantes
694 1937 756 1981 non
787 1917 905 1982 idcireo
939 1917 1085 1994 diximus
1123 1921 1160 1988 ut
1187 1920 1352 1998 peceatum
1387 1937 1423 1980 ex

277 2022 408 2086 traduce
422 2022 545 2087 firmare
561 2023 733 2088 uideamur.
753 2023 944 2106 quodlonge
959 2022 1148 2087 acatholico
1168 2041 1264 2087 sensu
1284 2023 1422 2086 alienum
1444 2047 1467 2084 n

278 2131 337 2209 est,
358 2129 432 2210 quia
445 2133 610 2211 peccatum
626 2148 686 2194 non
706 2149 779 2193 curn
798 2130 925 2194 homine
943 2130 1094 2206 nascitur,
1115 2128 1200 2210 quod
1217 2128 1422 2210 postmodum

277 2240 439 2299 exercetur
457 2237 494 2299 ab
515 2236 652 2312 bomine,
672 2236 825 2316 quianon
845 2240 974 2300 naturae
994 2236 1155 2314 delictum,
1175 2236 1231 2300 sed
1245 2235 1421 2300 uoluntatis

278 2360 348 2404 esse
371 2345 573 2406 monstratur.
597 2345 629 2405 et
651 2342 732 2406 illud
756 2361 829 2426 ergo
854 2341 994 2406 confiteri
1019 2361 1205 2425 congruum,
1234 2361 1271 2406 ne
1296 2342 1422 2406 diuersa

276 2447 480 2530 baptismatis
504 2468 618 2532 genera
640 2449 744 2512 facere
766 2449 942 2526 uideamur,
966 2453 999 2512 et
1020 2449 1080 2512 hoc
1100 2449 1297 2531 praemunire
1316 2467 1422 2512 neccs-

278 2555 397 2620 sarium
421 2559 480 2631 est,
513 2575 551 2618 ne
574 2575 629 2636 per
652 2555 794 2636 mysterii
817 2556 1014 2619 occasionem
1038 2555 1076 2618 ad
1100 2556 1249 2618 creatoris
1273 2555 1421 2618 iniuriam
1440 2579 1468 2618 eo

277 2662 399 2723 malum
431 2664 598 2740 antequam
632 2659 688 2722 bat
719 2660 756 2722 ab
788 2661 914 2724 homine
946 2660 1029 2724 tradi
1061 2660 1184 2723 dicatur
1215 2660 1336 2724 homini
1367 2680 1423 2742 per

278 2770 443 2830 naturam’.
457 2766 540 2829 hunc
561 2785 688 2829 sensnm
708 2786 803 2830 snum
821 2768 913 2831 uobis
934 2767 1053 2848 aperire
1072 2767 1222 2850 Pelagius
1242 2767 1295 2830 uel
1313 2767 1422 2830 timuit

277 2873 331 2934 nel
350 2871 486 2948 erubuit,
507 2889 601 2952 quem
621 2870 798 2953 discipulus
818 2872 885 2935 eius
901 2874 1006 2954 palam
1022 2872 1089 2937 siue
1103 2873 1201 2937 ullius
1217 2873 1422 2938 obscuritatis

278 2978 466 3060 ambagibus
495 2976 579 3058 apud
607 2977 714 3040 sedern
744 2979 952 3059 apostolicam
980 2979 1120 3060 profiteri
1146 2998 1203 3044 nec
1232 2980 1342 3044 timuit
1365 2999 1421 3044 nec

279 3083 416 3147 erubuit.
1441 3113 1468 3152 25

324 3191 354 3252 7.
383 3187 446 3252 Sed
473 3189 611 3251 multum
639 3190 817 3254 misericors
845 3196 1036 3256 memoratae
1069 3193 1155 3258 sedis
1187 3194 1333 3273 antistes,
1366 3193 1423 3256 ubi

278 3313 353 3358 enm
383 3293 466 3356 uidit
501 3293 575 3357 ferri
611 3298 699 3358 tants
734 3298 969 3378 praesumtione
1009 3300 1215 3382 praeeipitem
1257 3303 1423 3381 tamquam

277 3401 444 3480 furentem,
464 3399 573 3475 donec,
594 3401 621 3464 si
636 3405 745 3482 posset
758 3401 836 3480 fieri,
855 3404 1064 3486 resipisceret,
1083 3407 1198 3470 maluit
1214 3425 1285 3470 enm
1302 3407 1422 3470 sensim

280 3507 348 3570 suis
375 3507 674 3588 interrogationibus
703 3512 735 3570 et
756 3509 844 3572 illius
867 3511 1124 3593 responsionibus
1153 3513 1302 3596 colligare
1327 3532 1421 3594 quarn

279 3612 431 3676 destricta
457 3612 595 3675 feriendo
625 3615 778 3678 sententia
805 3615 835 3678 in
864 3616 945 3679 illud
976 3618 1156 3700 abruptum,
1180 3639 1243 3701 quo
1266 3619 1330 3682 iam
1353 3638 1421 3700 pro·
1440 3649 1467 3686 so

314 3871 505 3926 Pcouferreb
581 3889 690 3927 neeesse
709 3874 746 3928 bcl
835 3878 1027 3931 tremissicue
1045 3879 1082 3932 M
1169 3882 1273 3948 dquos
1291 3898 1325 3933 m.
1344 3885 1360 3934 1
1381 3880 1422 3934 Cb

279 3961 413 4029 scripsisti
429 3961 458 4012 P
528 3959 736 4030 8baptizaniur
753 3963 790 4016 bd
859 3964 948 4017 laetos
967 3966 1086 4020 fnisset
1159 3969 1193 4021 13
1210 3969 1369 4021 remissione
1387 3968 1424 4020 Μ

280 4046 592 4102 reiecircoPCtm.1
629 4051 661 4103 ll
677 4067 729 4103 non
744 4053 958 4108 om.m.10bT
1009 4054 1110 4108 dilectu
1124 4056 1227 4108 ΜΤ
1261 4056 1296 4109 18
1311 4055 1421 4110 demon-

279 4136 415 4190 stratnrd
456 4135 491 4188 20
510 4136 654 4200 ministerii
675 4137 716 4190 Cb
735 4139 849 4192 misterii
872 4141 922 4192 ΤΡ
961 4144 995 4195 ‘23
1013 4143 1087 4195 illins
1106 4144 1143 4196 M
1181 4144 1216 4196 24
1230 4161 1275 4212 pr.
1295 4162 1349 4198 uon
1372 4145 1424 4198 ΤΡ

278 4223 401 4278 ainerio
438 4225 472 4277 28
482 4224 625 4277 sensnmP
664 4225 1039 4284 codistrictacoTPPWod
1092 4232 1227 4286 ierendob
1278 4233 1421 4304 penderet
