3388 4946
813 1084 887 1152 IIII.

453 1225 514 1290 Da
536 1225 726 1292 NVPTIIS
756 1227 813 1290 ΕΤ
843 1224 1252 1296 GONOVPISCENTIA

414 1349 476 1415 AI)
500 1349 749 1418 VALERIVM
779 1349 1000 1416 COMITEM
1027 1353 1161 1418 LIBRI
1183 1353 1291 1420 DVO.
1350 1442 1352 1447 ³

717 1490 827 1544 LIBER
844 1491 988 1546 PRIMVS.

250 1645 263 1684 r
325 1617 350 1680 Ι.
377 1617 405 1684 1.
428 1614 588 1680 Haeretici
611 1617 697 1693 noui,
721 1616 929 1682 dilectissime
952 1618 998 1682 fili
1017 1618 1133 1698 Valeri,
1158 1620 1213 1702 qui
1235 1620 1425 1688 medicinam

282 1721 410 1801 Christi,
434 1741 497 1805 qua
518 1727 649 1806 peccata
672 1727 832 1803 sanantur,
858 1725 1024 1790 carnaliter
1046 1725 1128 1791 natis
1151 1727 1295 1808 paruulis
1318 1748 1426 1794 neces·

282 1829 396 1893 sariam
419 1833 580 1894 non·esse
609 1830 812 1909 contendunt,
833 1830 1041 1897 damnatores
1069 1850 1126 1897 nos
1150 1851 1220 1897 esse
1243 1834 1425 1917 nuptiarum

282 1935 449 2018 operisque
477 1936 588 2012 diuini,
616 1955 678 2018 quo
708 1957 744 2002 ex
772 1937 911 2002 maribus
944 1941 977 2002 et
1007 1938 1133 2003 femiuis
1171 1938 1249 2004 deus
1282 1941 1426 2007 homines

282 2046 376 2119 creat,
400 2042 652 2108 inuidiosIssime
682 2043 854 2119 clamitent,
884 2045 1032 2127 quoniam
1060 2045 1196 2110 dicimus
1225 2066 1279 2112 eos
1310 2048 1364 2126 qui
1387 2049 1425 2113 (16

238 2175 263 2214 10
281 2147 340 2212 tali
372 2148 599 2214 commixtione
625 2153 799 2215 nascuntur
830 2151 953 2215 trahere
990 2152 1141 2236 originale
1177 2157 1354 2236 peecatum,
1387 2154 1425 2220 (16

282 2274 344 2337 quo
369 2256 534 2338 apostolus
559 2257 651 2322 dicit:
674 2276 743 2340 per
765 2277 884 2322 unum
911 2259 1111 2324 hominem
1138 2263 1350 2341 peccatum
1373 2261 1425 2326 in·

282 2362 413 2427 trauit
435 2362 474 2426 iu
497 2363 684 2428 mundum
708 2366 747 2429 et
771 2383 841 2447 per
863 2368 1077 2448 peccatum
1100 2385 1214 2439 mors,
1240 2367 1357 2431 etita
1380 2367 1425 2430 ,in

283 2488 415 2534 omnes
447 2469 629 2534 homines
661 2470 920 2553 pertransiit,
952 2471 991 2535 in
1021 2492 1094 2555 quo
1129 2491 1264 2538 omnes
1292 2491 1427 2556 pecca-

282 2577 439 2652 uerunt,
464 2594 581 2659 eosque
605 2575 643 2641 de
666 2577 850 2658 parentibus
869 2578 1156 2661 qualibuscumque
1178 2581 1348 2644 nascantur
1365 2597 1427 2644 non

237 2707 263 2748 rr
282 2699 437 2764 negamus
460 2681 563 2746 adhuc
586 2701 656 2748 esse
680 2683 739 2748 sub
764 2682 901 2759 diabolo,
929 2685 992 2750 nisi
1017 2688 1223 2750 renascantur
1243 2686 1276 2750 in
1300 2685 1428 2751 Christo

283 2789 316 2851 et
337 2805 394 2871 per
424 2788 493 2853 eius
526 2789 661 2874 gratiam
698 2789 736 2854 de
773 2792 932 2874 potestate
969 2792 1051 2856 eruti
1086 2791 1285 2856 tenebrarum
1315 2791 1347 2856 in
1364 2811 1427 2872 re·

282 2913 378 2977 gnum
402 2893 490 2959 illius
515 2894 569 2978 qui
593 2913 629 2959 ex
653 2894 761 2959 eadem
785 2914 878 2960 senus
902 2896 1070 2979 utriusque
1094 2897 1316 2962 commixtione
1339 2896 1427 2961 nasci

282 3000 386 3065 noluit
407 3001 644 3067 transferantur.
668 3001 730 3066 hoc
752 3019 826 3086 ergo
850 3001 925 3084 quia
948 3001 1081 3068 dicimus
1102 3003 1186 3086 quod
1205 3002 1427 3085 antiquissima

371 3330 440 3386 5of.
461 3329 512 3401 Op.
533 3332 597 3402 imp.
616 3332 665 3386 19
787 3332 803 3385 9
827 3330 863 3384 ib.
887 3323 963 3385 1‘64'
983 3335 1039 3399 (eoa
1061 3331 1184 3400 qui-18
1206 3329 1428 3399 transferuutur)

283 3418 314 3472 11
335 3418 412 3488 Rom,
432 3421 457 3484 5,
478 3420 511 3472 12
568 3421 600 3474 16
621 3420 654 3474 cf.
674 3419 732 3474 Col.
753 3419 777 3487 1,
798 3419 830 3472 13

318 3631 454 3702 alneipit
470 3631 541 3686 liber
564 3632 597 3686 de
619 3630 723 3702 nuptiis
745 3634 773 3685 et
796 3631 1014 3701 eoncupiscentia
1038 3631 1091 3684 GE
1110 3630 1211 3700 Incipit
1233 3629 1303 3684 liber
1324 3629 1428 3700 primus

282 3719 399 3774 KRVP
414 3720 517 3789 Incipit
533 3720 603 3774 liber
619 3721 722 3790 primns
741 3709 782 3775 sm
798 3721 937 3791 augustini
957 3709 1015 3790 (cpi
1030 3721 1112 3792 Ampe)
1137 3719 1170 3773 de
1194 3718 1297 3789 nuptiis
1316 3722 1344 3772 ct
1363 3734 1426 3772 con·

284 3808 450 3878 cupiscentia
466 3807 625 3879 BMSAmp
646 3809 748 3879 Incipit
767 3809 838 3862 liber
859 3809 960 3880 primus
985 3808 1124 3878 angustini
1142 3807 1175 3861 de
1193 3807 1297 3878 nuptiis
1316 3808 1345 3861 et
1363 3824 1428 3861 con·

284 3896 451 3966 cupiscentia
473 3896 511 3952 W
528 3897 681 3966 Inamrpte'o
705 3899 780 3952 adest
798 3915 817 3951 o
835 3897 926 3952 codice
946 3896 978 3962 T,
1003 3898 1088 3971 ceder
1104 3896 1135 3950 F
1156 3897 1191 3950 ab
1212 3895 1295 3950 tuitio
1312 3896 1428 3950 mutius

283 3991 322 4040 eu
384 3985 623 4040 enecessariaK
669 3987 717 4048 ,10
734 3985 791 4040 tale
809 3985 843 4040 K
904 3986 935 4040 11
956 3985 1034 4054 dicit]
1055 3983 1207 4039 eitRNbd
1267 3983 1427 4053 liquans-

284 4091 396 4144 cumque
419 4075 471 4128 VP
577 4076 610 4129 15
630 4073 739 4129 diabulo
758 4079 786 4144 (u
801 4091 855 4144 pro
874 4093 889 4128 o
908 4089 1012 4143 semper
1028 4075 1094 4142 sere)
1112 4073 1146 4126 K
1251 4073 1285 4128 16
1304 4072 1374 4126 croti
1393 4072 1427 4127 (16

282 4166 421 4233 potestate
439 4162 463 4217 S
502 4163 535 4217 17
555 4164 680 4218 ctmixtio
699 4179 734 4217 m.
746 4166 769 4216 -1
786 4163 811 4218 S
826 4162 1016 4235 co‡t(mixtiouc
1034 4162 1161 4218 initiare.
1182 4166 1229 4229 cr.)
1248 4161 1282 4215 K
1326 4161 1359 4214 18
1377 4177 1426 4215 uo·

282 4253 335 4307 luit
352 4269 380 4308 m
452 4255 526 4324 ergo]
546 4269 652 4324 quoque
670 4252 705 4308 N

1342 4355 1392 4410 14*
