3388 4946
293 331 360 396 200
654 327 680 384 S.
708 325 844 382 Aureli
871 323 1087 393 Augustini

294 539 402 586 eorum
426 538 487 586 non
512 517 623 602 utique
647 519 776 596 clausis,
801 518 906 584 sedin
926 519 985 584 hoc
1004 537 1065 583 non
1085 516 1212 599 apertis,
1231 517 1291 581 boc
1310 517 1360 578 est
1377 533 1439 579 non

293 625 435 704 attentis,
455 625 731 692 animaduertenda
754 625 941 702 nuntiasset,
965 624 1042 690 nibil
1066 624 1097 688 io
1117 643 1175 713 suo
1195 641 1334 703 corpore,
1355 620 1439 703 quod

292 733 402 816 utique
425 735 529 798 totum
554 731 632 799 deus
655 732 814 798 laudabile
838 732 965 809 fecerat,
994 730 1175 814 pudendum
1205 729 1438 810 uelandumque

293 838 476 916 sensissent,
501 839 575 922 quia
598 838 660 904 nisi
682 837 839 924 praeisset
861 837 995 914 facinus,
1020 837 1104 918 quod
1131 835 1364 902 inoboedientia
1391 837 1440 898 est

293 964 370 1010 ausa
389 945 598 1024 committere,
618 965 679 1011 non
700 947 885 1028 sequeretur
903 944 1051 1022 dedecus,
1071 943 1156 1027 quod
1170 941 1360 1008 uerecundia
1373 940 1439 1004 uel·
1465 961 1487 1002 s

291 1052 337 1117 let
361 1052 564 1118 abscondere.

337 1157 498 1224 XXXVII.
528 1159 582 1224 42.
611 1157 739 1224 Clarum
768 1160 817 1224 est
844 1157 943 1242 Igitur
969 1157 1030 1222 boc
1058 1173 1119 1222 non
1148 1175 1218 1222 esse
1245 1155 1365 1238 nuptiis
1394 1155 1440 1218 in-

291 1263 479 1345 putandum,
504 1264 589 1348 quod
613 1264 674 1330 etsi
696 1282 757 1328 non
777 1267 872 1341 asset,
892 1263 1021 1346 nuptiae
1039 1265 1146 1328 temen
1166 1265 1282 1339 essent,
1308 1280 1438 1344 quarum

291 1370 410 1436 bonum
432 1390 493 1436 uon
518 1371 659 1436 aufemur
680 1369 743 1435 isto
767 1370 862 1449 malo,
887 1369 944 1435 sed
972 1369 1010 1434 ab
1038 1369 1084 1434 eis
1113 1371 1146 1432 et
1172 1369 1234 1434 hoc
1260 1369 1382 1432 malum
1407 1368 1440 1431 in

292 1496 386 1542 uerum
414 1477 550 1542 uertitur
576 1477 705 1542 bonum.
733 1495 845 1544 uerum
875 1477 949 1559 quia
976 1476 1040 1540 iam
1067 1476 1131 1542 ista
1158 1475 1336 1540 conditione
1358 1493 1487 1542 mor-10

291 1582 404 1648 talium
427 1602 509 1650 nunc
529 1583 625 1648 simul
645 1585 782 1667 aguntur
801 1581 988 1646 constabitne
1010 1585 1043 1646 et
1059 1581 1171 1659 libido,
1190 1600 1227 1646 ao
1245 1581 1292 1659 fir,
1311 1583 1349 1645 ut
1367 1599 1440 1645 cum

291 1687 389 1754 libido
413 1689 660 1772 reprehenditur,
685 1689 781 1754 etiam
805 1689 958 1772 nuptiaIIs
982 1688 1173 1754 concubitus
1195 1687 1304 1752 licitus
1329 1689 1361 1750 et
1386 1685 1440 1750 ho-

294 1797 405 1860 nestus
428 1777 612 1878 reprobandi
640 1799 772 1880 putetur
799 1795 837 1860 ab
868 1795 924 1872 eis,
953 1795 1008 1878 qui
1036 1793 1351 1858 nolunt'dieccrnere
1378 1792 1442 1857 ista

291 1901 344 1964 uel
367 1902 522 1968 nesciunt.
545 1920 604 1967 uec
628 1902 796 1968 attendunt
817 1900 904 1972 illud
917 1919 988 1966 esse
1008 1901 1190 1982 nuptiarum
1208 1901 1338 1976 bonum,
1357 1898 1440 1962 unde

292 2005 468 2090 gloriantur
489 2006 628 2090 nuptiae,
651 2006 684 2072 id
708 2007 758 2072 est
780 2007 895 2090 proles,
914 2005 1078 2088 pudicitia,
1098 2008 1341 2082 sacramentum,
1360 2003 1441 2067 illud
1459 2024 1488 2063 re

291 2114 398 2178 autem
417 2131 478 2178 non
498 2129 568 2178 esse
587 2112 779 2195 nuptiarum,
800 2112 854 2178 sed
874 2113 1007 2178 carnalis
1022 2111 1296 2194 concupiscentiae
1310 2111 1440 2191 malum,

292 2215 331 2280 da
355 2233 417 2298 quo
446 2217 639 2284 erubescunt
667 2221 699 2282 at
725 2218 865 2300 nuptiae.
896 2217 952 2282 sed
980 2217 1055 2300 quia
1081 2218 1148 2282 sine
1175 2217 1231 2281 illo
1260 2218 1343 2281 malo
1373 2215 1441 2280 fieri

291 2340 351 2386 nou
376 2326 483 2406 potest
505 2324 688 2406 nuptiarum
711 2325 839 2401 bonum,
863 2323 923 2388 hoc
947 2330 997 2389 est
1014 2323 1198 2409 propagatio
1217 2323 1366 2403 filiorum,
1384 2322 1442 2387 ubi

293 2427 331 2492 ad
356 2428 451 2496 huius
475 2429 562 2495 modi
585 2449 665 2512 opus
688 2431 826 2500 uenitur,
851 2433 972 2495 secreta
990 2432 1194 2513 quaeruntur,
1214 2430 1323 2494 arbitri
1340 2449 1441 2494 remo·

292 2537 417 2614 nentur,
439 2535 578 2600 filiorum
601 2554 727 2618 quoque
749 2535 902 2618 ipsorum,
926 2535 954 2599 si
976 2536 1040 2600 iam
1061 2534 1134 2600 inde
1152 2536 1253 2618 aliqui
1270 2535 1337 2600 nati
1355 2538 1439 2610 sunt,
1458 2555 1488 2596 ao

292 2661 364 2708 oum
388 2661 444 2724 per
467 2645 603 2706 aetatem
627 2643 743 2706 sentire
766 2642 829 2706 ista
855 2641 919 2706 iam
948 2642 1118 2724 coeperint,
1146 2643 1326 2724 praesentia
1354 2642 1441 2706 daui-

292 2752 388 2826 tatur,
417 2751 513 2830 atque
535 2749 581 2812 ita
604 2749 733 2832 nuptiae
757 2748 905 2812 sinuntur
927 2767 1069 2812 exercere
1092 2748 1286 2829 quodlicet,
1313 2751 1352 2812 ut
1377 2768 1439 2813 non

292 2856 463 2938 neglegant
481 2855 640 2918 occultare
658 2854 745 2936 quod
763 2855 903 2922 dedecet.
922 2855 995 2918 hino
1014 2857 1074 2930 est,
1094 2853 1178 2936 quod
1191 2854 1329 2918 infantes
1343 2855 1439 2919 etiam

293 2961 348 3044 qui
370 2978 500 3042 peccare
523 2977 584 3024 uon
611 2963 756 3042 possunt,
785 2980 846 3026 non
873 2965 978 3026 tamen
1007 2961 1075 3025 sine
1101 2961 1225 3041 peccati
1253 2962 1438 3045 contagione

292 3068 475 3138 nascuntur,
497 3084 558 3130 nen
577 3065 692 3130 exboc
710 3066 899 3148 quodlicet,
918 3066 975 3132 sed
993 3086 1029 3131 en
1047 3086 1084 3132 ec
1104 3065 1188 3149 quod
1207 3066 1347 3131 dedecet
1366 3086 1437 3130 nam
1455 3087 1485 3128 ae

293 3191 328 3236 er
347 3172 407 3236 hoc
426 3171 510 3254 quod
527 3170 605 3236 licet
621 3174 733 3236 natura
751 3173 903 3250 nascitur,
923 3192 960 3236 ex
981 3173 1039 3238 illo
1058 3173 1144 3255 quod
1162 3172 1295 3237 dedecet
1311 3173 1438 3238 uitium.

293 3281 422 3342 naturae
446 3276 605 3342 nascentis
633 3279 684 3340 est
710 3283 820 3344 auctor
847 3279 938 3356 deur,
966 3279 1021 3362 qui
1048 3279 1208 3343 hominem
1236 3279 1378 3344 condidit
1407 3289 1441 3343 et

293 3383 348 3466 qui
367 3382 471 3448 uirum
491 3401 527 3448 ac
546 3382 694 3448 feminam
712 3385 847 3467 nuptiali
864 3385 933 3450 iura
952 3383 1122 3463 coniunxit,
1141 3385 1214 3450 uitii
1233 3405 1309 3450 uero
1327 3390 1441 3450 auctor

294 3495 344 3556 est
380 3487 498 3554 diaboli
535 3487 720 3570 decipientis
762 3490 920 3556 calliditas
962 3495 994 3556 et
1033 3491 1170 3558 hominis
1212 3493 1437 3556 consentientis

293 3596 453 3662 uoluntas,
1455 3617 1485 3658 eo

337 3700 514 3764 XXXVIII.
547 3703 601 3766 43.
634 3701 694 3766 lbi
727 3703 807 3767 nihil
839 3703 917 3768 deus
949 3704 1035 3781 fecit,
1067 3703 1130 3768 nisi
1162 3703 1246 3786 qued
1277 3703 1437 3768 hominem

331 3942 415 4012 lhec
435 3945 476 3994 est
498 3940 547 3994 GP
644 3941 761 3995 ddecus
779 3943 813 3996 Μ
911 3944 1030 4012 desset]
1052 3944 1177 3998 essenti>
1266 3945 1332 3998 eet
1349 3947 1437 4002 orm

296 4031 329 4086 10
356 4031 410 4084 ista
431 4029 486 4082 iam
512 4028 561 4082 CP
636 4031 669 4084 12
692 4029 836 4098 reptandi}
865 4031 894 4084 irs
922 4037 997 4084 textos
1018 4049 1074 4100 pro
1096 4031 1258 4102 reprebendi
1280 4038 1392 4102 putetur
1415 4034 1439 4086 G

295 4119 329 4174 ro
348 4115 453 4172 ιιιιιιιι
470 4115 507 4170 ru
577 4116 608 4168 ar
629 4117 683 4170 rste
701 4104 846 4173 selerne
916 4121 949 4174 aa
969 4121 1046 4174 necet
1063 4121 1101 4174 nr
1179 4121 1263 4174 enam
1281 4130 1347 4178 aare
1364 4123 1437 4194 quor

294 4207 370 4262 isc
421 4203 607 4261 audacti!
659 4205 693 4258 2?
714 4214 788 4259 actor
809 4207 831 4258 C
884 4209 1028 4277 31qu
