3382 4924
306 380 368 441 144
656 378 681 432 S.
711 380 848 434 Aureli
877 381 1095 450 Augustini

304 573 424 636 arbitrii
446 573 592 638 libertate
618 575 672 656 qui
696 576 773 640 berre
797 575 909 652 utitur,
935 577 989 639 ‘ita
1009 583 1063 654 se¹,
1083 576 1197 658 inquit,
1219 579 1331 640 ‘totum
1352 574 1450 637 tradit

304 678 361 742 deo
386 699 572 762 omnemque
597 699 687 744 suam
710 681 881 746 mortificat
903 685 1112 760 uoluntatem,
1146 686 1183 746 ut
1207 702 1279 746 cum
1304 682 1447 764 apostolo

302 787 406 868 possit
434 787 553 851 dicere:
582 788 672 852 uiuo
703 792 826 852 autem
849 789 922 853 iarn
946 809 1014 853 non
1040 810 1117 874 ego,
1141 789 1242 852 uiuit
1265 792 1388 852 autem
1411 789 1448 851 in

304 914 358 958 me
383 894 567 969 Christus,
591 895 741 976 ponitque
766 913 819 959 cor
843 895 991 960 suumin
1014 916 1109 960 manu
1134 896 1194 972 dei,
1223 895 1363 960 utillud
1386 914 1447 976 quo

302 1001 440 1066 uoluerit
465 1001 534 1082 ipse
563 1002 717 1065 declinet'.
742 1021 891 1086 magnum
924 1004 1065 1081 profecto
1098 1003 1291 1068 adiutorium
1323 1001 1449 1065 diuinae
1478 1021 1491 1062 1

302 1109 431 1190 gratiae,
464 1111 501 1172 ut
525 1113 577 1173 cor
599 1111 742 1172 nostrum
767 1129 828 1192 quo
853 1111 993 1174 uoluerit
1017 1111 1093 1174 deus
1115 1111 1185 1192 ipse
1209 1110 1358 1174 declinet!
1393 1108 1449 1172 sed

302 1217 362 1279 hoc
389 1219 455 1279 tarn
484 1235 635 1300 magnum
659 1217 861 1295 adiutorium,
887 1217 970 1282 sicut
1001 1219 1063 1282 iste
1097 1218 1223 1299 desipit,
1247 1222 1323 1281 tunc
1352 1236 1448 1280 mere-

302 1341 383 1399 mur,
416 1341 488 1385 cum
517 1323 583 1386 sine
611 1323 677 1388 ullo
703 1323 858 1388 adiutorio
883 1325 1009 1388 nonnisi
1034 1324 1072 1388 de
1097 1325 1218 1388 arbitrii
1239 1325 1386 1388 libertate
1410 1322 1450 1386 ad

303 1427 465 1492 dominum
502 1429 668 1505 currimus,
707 1431 743 1493 ab
783 1449 818 1493 eo
856 1449 913 1494 nos
950 1431 1018 1515 regi
1056 1432 1213 1514 cupimus,
1251 1431 1448 1495 uoluntatem

302 1538 441 1598 nostram
481 1554 515 1598 er
552 1535 620 1598 eius
656 1538 821 1600 uoluntate
858 1537 1083 1620 suspendimus
1121 1538 1212 1620 eique
1253 1535 1448 1600 adhaerendo
1468 1551 1493 1588 1⁰

302 1641 421 1724 iugiter
443 1661 525 1704 unus
559 1661 631 1706 cum
662 1641 718 1707 illo
753 1643 908 1706 efficimur
937 1644 1078 1725 spiritus.
1112 1645 1189 1708 haec
1228 1643 1351 1708 scilicet
1382 1644 1448 1704 tam

301 1748 443 1830 ingentia
470 1747 551 1810 bona
578 1749 704 1812 nonnisi
732 1749 770 1812 de
799 1749 921 1813 arbitrii
956 1750 1129 1814 secundum
1158 1751 1258 1814 istum
1291 1748 1447 1812 efficimus

301 1854 459 1931 libertate,
482 1857 520 1918 ut
542 1855 591 1919 his
610 1857 870 1936 praecedentibus
891 1857 1013 1920 meritis
1033 1857 1079 1922 sic
1099 1857 1167 1920 eius
1188 1857 1322 1940 gratiam
1341 1875 1447 1919 conse-

304 1979 447 2041 quamur,
475 1963 513 2024 ut
536 1979 589 2024 cor
611 1966 755 2026 nostrum
780 1981 840 2044 quo
865 1963 1004 2027 uoluerit
1026 1963 1095 2046 ipse
1120 1963 1265 2026 declinet.
1290 1961 1448 2044 quomodo

303 2069 353 2129 est
378 2084 451 2148 ergo
475 2067 586 2149 gratia,
620 2067 647 2130 si
669 2086 729 2131 non
754 2068 852 2150 gratis
877 2068 989 2133 datur?
1024 2068 1180 2151 quomodo
1206 2071 1255 2132 est
1278 2067 1387 2151 gratia,
1421 2066 1448 2130 si
1469 2081 1493 2121 ¹⁵

303 2191 338 2234 ex
363 2171 468 2235 debito
492 2172 653 2236 redditur?
685 2175 842 2255 quomodo
866 2194 978 2238 uerum
1003 2176 1080 2240 dicit
1103 2175 1281 2256 apostolus:
1314 2193 1384 2238 non
1408 2192 1447 2236 ex

303 2278 423 2356 nobie,
458 2278 522 2342 sed
547 2279 605 2342 dei
633 2279 769 2344 donum
794 2285 865 2357 est;
899 2301 968 2344 non
993 2301 1033 2344 ex
1062 2281 1250 2362 operibus,
1284 2281 1447 2344 neforto

304 2385 387 2466 quis
412 2386 626 2464 extollatur,
657 2387 836 2464 etiterum,
866 2388 898 2452 si
922 2391 1047 2453 autem
1072 2389 1204 2472 gratia,
1234 2389 1347 2471 inquit,
1377 2389 1448 2451 iarn

303 2510 372 2554 non
397 2491 646 2573 exoperibus,
680 2493 848 2575 alioquin
873 2495 996 2578 gratia
1023 2495 1094 2558 iarn
1124 2514 1190 2558 non
1223 2498 1281 2558 est
1304 2494 1448 2578 gratia?

304 2597 471 2678 quomodo,
500 2599 639 2679 inquam,
663 2601 723 2665 hoc
746 2621 857 2665 uerum
883 2605 940 2681 est,
971 2603 998 2666 si
1022 2621 1115 2684 opera
1138 2605 1225 2666 tanta
1247 2601 1449 2682 praecedunt,
1467 2613 1494 2650 2>

304 2723 383 2786 quae
411 2705 501 2768 nobis
531 2705 751 2788 adipiscendae
780 2708 898 2792 gratiae
926 2710 1075 2774 meritum
1103 2710 1229 2782 faciant,
1264 2727 1325 2790 quo
1358 2708 1449 2771 nobis

304 2828 366 2872 non
390 2809 523 2873 donetur
547 2811 696 2894 gratuito,
721 2814 777 2877 sed
799 2815 948 2879 reddatur
972 2836 1007 2879 ex
1031 2816 1157 2879 debito?
1187 2834 1301 2897 ergone
1324 2817 1361 2878 ut
1383 2833 1451 2896 per-

305 2915 451 2979 ueniatur
478 2917 516 2978 ad
545 2917 737 2981 adiutorium
767 2919 825 2998 dei,
859 2921 899 2984 ad
927 2922 1021 2985 deum
1045 2921 1180 2984 curritur
1204 2921 1270 2985 sine
1295 2920 1450 2984 adiutorio

306 3022 377 3086 dei?
402 3027 433 3086 et
456 3028 493 3087 ut
512 3023 569 3088 deo
590 3024 794 3089 adhaerentes
815 3027 1003 3091 adiuuemur
1022 3048 1040 3091 a
1059 3028 1127 3105 dec,
1152 3047 1169 3091 a
1193 3029 1249 3092 deo
1269 3047 1329 3092 non
1351 3025 1451 3090 adiuti

305 3129 511 3193 adhaeremus
536 3130 616 3194 deo?
640 3131 715 3212 quid
735 3133 855 3196 homini
873 3135 977 3198 maius
997 3135 1114 3216 quidue
1132 3134 1196 3198 tale
1215 3135 1333 3218 poterit
1351 3135 1452 3218 gratia
1469 3141 1496 3181 ²⁵

305 3236 376 3317 ipsa
407 3240 578 3318 praestare,
612 3237 640 3302 si
667 3237 730 3302 iam
759 3239 825 3303 sine
853 3240 910 3302 illa
942 3260 1023 3304 unus
1058 3259 1130 3304 cum
1163 3240 1288 3304 domino
1321 3239 1452 3320 spiritus

306 3341 390 3404 effici
413 3343 519 3424 potuit
541 3343 667 3406 nonnisi
691 3344 728 3408 de
753 3346 873 3410 arbitrii
895 3347 1062 3411 libertate?

397 3635 592 3698 scaram
629 3636 697 3691 scr.
716 3637 796 3692 rou.
817 3639 894 3704 21,1
935 3641 975 3694 ro.
996 3641 1031 3694 aa
1051 3641 1195 3697 erroor.
1216 3645 1240 3710 e,
1257 3643 1289 3695 17
1329 3641 1450 3711 respa.

307 3726 332 3793 1,
351 3725 412 3779 es
468 3726 501 3778 rs
519 3727 596 3779 rom.
618 3726 695 3794 11,c

343 3917 361 3969 4
380 3917 452 3986 quod
465 3918 493 3970 P
563 3919 579 3970 5
598 3919 656 3988 ipsc
676 3918 886 3988 declinet-quo
905 3920 1024 3975 uoluerit
1043 3939 1093 3976 om.
1114 3923 1129 3975 b
1203 3925 1218 3977 7
1237 3923 1399 3977 merebimur
1416 3925 1454 3977 M

308 4007 324 4060 8
348 4006 396 4059 illo
423 4006 514 4060 OPOb
536 4023 570 4061 m.
595 4012 617 4070 1,
642 4011 673 4072 (s.
700 4008 717 4060 l.
741 4025 775 4061 no.
800 4010 829 4076 2)
852 4008 877 4060 Τ
976 4011 1006 4063 11
1032 4012 1156 4064 camillo
1176 4013 1255 4065 nnius
1275 4013 1405 4066 efficimur
1428 4013 1454 4065 V

310 4096 343 4149 12
363 4095 528 4149 eficimusC
572 4097 605 4150 13
623 4097 677 4150 hiis
695 4097 766 4151 Poe
783 4103 852 4152 ml
898 4099 930 4152 21
951 4099 1195 4154 faciuntm.1M
1242 4103 1276 4154 22
1295 4102 1450 4171 gratuitab

309 4183 367 4252 sed]
387 4201 441 4238 non
460 4185 487 4237 P
557 4187 749 4254 praeconiatur
767 4187 931 4240 adiutorium
950 4187 995 4241 dei
1018 4188 1044 4242 V
1100 4189 1134 4242 23
1155 4191 1236 4243 currit
1253 4191 1290 4243 M
1346 4191 1380 4244 24
1400 4191 1448 4244 alt.

310 4290 325 4326 a
344 4272 393 4326 deo
413 4289 463 4326 om.
484 4273 499 4326 b
553 4275 588 4327 25
608 4275 797 4329 adirercbimus
815 4276 852 4328 M
856 4276 920 4329 COb
