3388 4946
287 307 351 370 166
436 303 462 360 S.
491 302 629 356 Aureli
656 302 875 371 Augustini
903 300 946 354 de
974 302 1106 370 gratia
1134 301 1288 356 Christi

286 498 454 576 adiuuerit,
487 499 582 562 etiam
611 498 649 560 de
677 499 816 580 peceato,
850 495 933 578 qnod
961 516 1143 578 perunum
1170 496 1330 561 hominem
1360 515 1432 560 cum

284 607 386 668 morte
417 603 580 667 intrauit
614 603 651 666 in
689 601 865 666 mundum
903 605 1014 684 atque
1046 601 1100 665 ita
1135 602 1172 665 in
1210 620 1336 665 omnes
1372 602 1433 666 ho-

285 711 403 774 mines
444 709 669 791 pertransiit
710 708 863 772 aduersus
898 708 990 784 istos,
1024 708 1079 790 qni
1115 707 1146 770 in
1185 726 1320 772 errorem
1357 707 1432 770 huic

285 816 476 880 contrarium
503 815 633 880 ueritati
663 815 803 897 apertius
832 817 1012 897 eruperunt,
1046 833 1125 897 quas
1149 813 1228 878 satis
1251 832 1322 878 esse
1345 813 1433 877 uide·

284 923 403 986 buntur
425 922 607 1004 exprimere.
1464 939 1477 975 ⁵

374 1109 391 1160 2
410 1109 487 1164 Rom.
506 1111 531 1173 5,
552 1109 585 1161 12

320 1232 338 1284 4
353 1235 496 1302 erumpunt
514 1231 541 1285 V
609 1231 719 1286 uidetur
738 1233 764 1285 V
847 1235 863 1287 5
881 1233 1001 1302 Explicit
1014 1232 1084 1286 liber
1102 1233 1213 1302 primus.
1232 1233 1279 1286 Ine
1298 1234 1432 1288 secundus

285 1320 321 1374 ad
349 1308 405 1374 aa]
431 1321 575 1374 Pinianum
602 1321 640 1373 M
664 1322 736 1391 Expl
762 1309 801 1374 Hb
835 1323 945 1390 primus.
969 1321 1071 1389 Incipit
1103 1321 1235 1375 secundus
1266 1322 1290 1375 0
1314 1323 1433 1392 Explicit

285 1411 355 1462 liber
379 1411 481 1479 primns
506 1410 611 1463 Aurelii
635 1409 784 1478 Augustini
807 1399 855 1481 spi
881 1411 914 1463 de
942 1398 992 1480 'gia
1013 1398 1134 1480 {pillis
1161 1413 1274 1479 peceato
1304 1412 1432 1480 originali

286 1502 380 1562 contra
402 1497 544 1568 Pelagium
569 1503 598 1563 et
621 1495 768 1568 Celestium
791 1499 839 1552 Ino
857 1487 897 1552 ffb
915 1499 951 1552 Π·
973 1497 1015 1551 Oh
1032 1499 1152 1568 Explicit
1168 1499 1238 1552 liber
1256 1499 1358 1569 primus
1376 1501 1433 1553 An-

286 1587 347 1642 relii
364 1589 512 1656 Augustini
531 1577 574 1659 epi
594 1589 628 1644 de
647 1577 696 1659 g—ra
714 1576 765 1658 xpi
783 1593 811 1641 et
835 1588 868 1643 de
891 1591 1003 1658 peccato
1027 1588 1154 1656 originali
1177 1591 1271 1640 contra
1289 1588 1432 1657 Pelagium

286 1679 316 1728 et
340 1675 497 1730 celestium.
522 1678 570 1731 Inc
595 1678 665 1731 liber
684 1666 750 1731 s—eds
775 1678 801 1730 Τ
819 1678 939 1747 Explicit
959 1678 1029 1730 liber
1052 1678 1153 1746 primus
1175 1680 1270 1730 contra
1289 1677 1431 1746 Pelagium

287 1768 315 1818 et
334 1763 481 1818 Celeatium
501 1767 536 1819 ad
554 1766 691 1833 Albinam,
710 1765 855 1818 Pinianum
874 1769 902 1819 et
924 1765 1069 1819 Melaniam
1095 1765 1128 1818 de
1150 1753 1200 1835 {a
1221 1753 1277 1835 {pi
1299 1765 1347 1818 Ine
1370 1754 1432 1819 sciis

287 1853 323 1906 ad
341 1854 449 1908 eosdem
469 1854 502 1908 de
520 1861 632 1925 peceato
653 1855 781 1924 originali
799 1855 827 1907 P
