3388 4946
587 339 628 393 de
656 342 820 409 peccato
850 339 1047 407 originali
1321 342 1382 404 171

235 537 371 620 pondere
390 535 568 613 uidebatur,
591 535 751 616 inpellere.
773 534 845 598 ideo
865 539 971 598 autem
991 553 1051 598 nou
1077 534 1153 598 dixi:
1178 536 1285 618 aperte
1305 534 1386 597 ceci-

239 644 336 722 derat,
356 641 412 708 sed
430 641 622 724 propendere
641 641 818 718 uidebatur,
839 641 913 722 quia
932 641 1077 724 superius
1096 641 1127 704 in
1147 639 1257 705 eodem
1275 640 1384 704 libello

193 818 195 823 ,
238 769 296 815 suo
321 750 359 813 de
383 748 478 812 huius
507 747 593 812 modi
622 747 862 829 quaestionibus
886 748 1052 811 locuturus
1082 749 1152 811 ante
1176 747 1385 829 praedixerat:

238 857 276 921 ‘si
300 857 379 921 forto
411 858 448 919 ut
479 854 661 918 hominibus
695 853 852 936 quispiam
885 853 1080 938 ignorantiae
1113 871 1198 917 error
1234 853 1384 934 obrepsit,

183 1017 185 1020 .
204 985 219 1024 a
238 966 346 1027 uestra
369 961 524 1026 sententia
547 959 743 1044 corrigatur’.

288 1068 354 1132 111.
378 1070 408 1132 8.
433 1068 522 1131 Hanc
546 1067 615 1131 eius
638 1066 906 1148 praelocutionem
929 1067 1119 1131 uenerabilis
1138 1085 1220 1150 papa
1239 1066 1385 1130 Zosimus

237 1181 347 1241 tenens
372 1175 438 1258 egit
461 1193 535 1238 cum
557 1173 696 1252 homine,
731 1193 825 1256 quem
848 1173 947 1238 falsae
976 1163 1136 1238 doctrinae
1159 1177 1275 1238 uentus
1299 1173 1385 1237 iuda-

237 1285 338 1358 uerat,
361 1284 398 1346 ut
422 1300 458 1345 ea
481 1300 560 1363 quae
583 1281 632 1344 illi
657 1299 674 1344 a
699 1281 828 1345 diacono
853 1281 986 1345 Paulino
1010 1280 1135 1344 fuerant
1158 1280 1282 1345 obiecta
1301 1280 1386 1344 dam-

237 1392 325 1453 naret
362 1392 455 1469 atque
493 1390 530 1451 ut
566 1387 650 1452 sedis
689 1387 884 1468 apostolicae
921 1387 1049 1462 litteris,
1086 1406 1166 1468 quac
1204 1407 1221 1450 a
1258 1389 1385 1451 sanotae

194 1515 220 1553 ιο
237 1495 408 1560 memoriae
441 1513 499 1558 suo
531 1512 732 1576 praecessore
766 1498 980 1572 manauerant,
1017 1494 1180 1576 praeberet
1211 1512 1386 1558 assensum.

238 1603 272 1664 at
293 1600 347 1663 ille
370 1599 472 1662 noluit
492 1598 621 1680 quidem
641 1599 765 1663 diaconi
785 1599 910 1663 obiecta
929 1599 1085 1673 damnare,
1110 1599 1166 1662 sed
1184 1599 1269 1662 beati
1287 1617 1386 1680 papae

237 1706 411 1771 Innocentii
439 1705 555 1770 litteris
589 1725 651 1769 non
680 1709 729 1770 est
757 1725 855 1770 ausus
886 1706 1051 1783 obsistere,
1079 1706 1177 1770 immo
1201 1707 1246 1769 ‘se
1271 1705 1385 1782 omnia,

238 1831 317 1894 quae
346 1812 437 1876 sedes
466 1812 522 1875 illa
550 1812 721 1890 damnaret,
756 1812 976 1876 damnaturum
1001 1819 1081 1876 esse'
1104 1811 1262 1893 promisit.
1291 1814 1386 1892 atque

237 1919 283 1982 ita
305 1920 396 1983 uelut
418 1918 631 2000 phreneticus,
651 1922 688 1982 ut
706 1919 929 2000 requiesceret,
950 1921 1111 2000 tamquam
1130 1918 1244 1981 leniter
1262 1917 1348 1981 fotus
1369 1937 1387 1980 a

196 2047 221 2087 rs
239 2025 376 2089 uinculis
404 2028 510 2088 tamen
539 2024 874 2089 excommunicationis
903 2024 1042 2088 nondum
1071 2028 1120 2088 est
1148 2024 1287 2088 creditus
1316 2042 1386 2087 esse

240 2131 422 2196 soluendus.
456 2130 512 2194 sed
539 2130 727 2212 interposito
758 2129 890 2193 duorum
920 2129 1078 2193 mensium
1100 2132 1253 2211 tempore,
1287 2129 1386 2193 donec

238 2237 464 2302 rescriberetur
495 2256 530 2300 ex
563 2237 680 2314 Africa,
718 2235 925 2318 resipiscendi
964 2237 992 2300 ei
1023 2236 1114 2300 locus
1153 2236 1213 2300 sub
1251 2236 1386 2319 quadam

239 2344 420 2408 medicinali
450 2343 624 2408 sententiae
648 2342 777 2406 leuitate
802 2361 971 2407 concessus
1001 2347 1060 2420 est,
1094 2343 1241 2425 quoniam
1265 2363 1385 2419 reuera,

240 2451 267 2513 si
291 2449 435 2531 deposita
457 2448 653 2530 peruicaciae
677 2449 818 2513 uanitate
842 2449 926 2530 quod
949 2450 1139 2532 promiserat
1165 2450 1264 2514 uellet
1287 2452 1386 2513 atten-

186 2578 222 2618 -ao
240 2557 312 2620 dere
337 2559 369 2619 et
392 2555 519 2620 easdem
546 2555 668 2620 litteras
703 2555 817 2638 quibus
843 2575 877 2620 se
910 2575 1139 2620 consensurum
1163 2575 1234 2620 esse
1257 2574 1387 2637 respou-

240 2661 328 2724 derat
347 2660 514 2744 diligenter
531 2661 661 2742 legeret,
682 2665 855 2726 sanaretur.
881 2662 937 2726 sed
956 2665 1165 2745 posteaquam
1184 2681 1220 2726 ex
1238 2662 1385 2727 Africano

240 2767 461 2848 episcoporum
486 2767 619 2831 concilio
642 2768 796 2850 rescripta
819 2768 939 2832 directa
962 2772 1046 2845 sunt,
1070 2769 1146 2850 quid
1165 2769 1262 2833 fuerit
1280 2787 1388 2834 conse-

240 2875 361 2950 cutum,
399 2875 436 2936 ut
462 2873 641 2938 iustissime
673 2874 704 2937 in
739 2894 810 2938 eum
844 2875 1000 2938 sententia
1032 2875 1233 2956 proferretur,
1273 2878 1387 2940 cuncta

238 2979 347 3062 legite,
372 2978 445 3060 quia
469 2982 582 3043 orrncta
605 2980 851 3046 transmisimus.

194 3109 223 3148 aa
286 3085 425 3150 111119.
452 3085 538 3149 Vnde
568 3087 663 3150 etiam
686 3087 848 3171 Pelagius,
883 3089 911 3153 si
939 3108 973 3153 se
995 3089 1102 3171 ipsum
1131 3091 1163 3152 et
1186 3107 1245 3152 sua
1269 3087 1387 3169 scripta

242 3191 308 3256 sine
341 3192 412 3255 dolo
447 3192 574 3276 cogitat,
606 3213 667 3257 non
699 3197 784 3258 recte
818 3195 896 3258 dicit
928 3195 1035 3259 eadem
1070 3194 1226 3258 sententia
1258 3213 1292 3258 se
1325 3213 1386 3258 non

242 3299 389 3364 debuisse
408 3301 544 3364 retineri.
565 3301 678 3366 fefellit
697 3303 779 3366 enim
799 3303 952 3366 iudicium
971 3302 1197 3380 Palaestinum,
1221 3304 1386 3384 propterea

240 3405 286 3468 ibi
309 3405 436 3470 uidetur
459 3424 528 3470 esse
552 3411 720 3490 purgatum
744 3409 919 3472 Romanam
942 3428 1016 3472 uero
1037 3409 1213 3484 ecclesiam,
1238 3407 1293 3471 ubi
1314 3426 1386 3470 eum

331 3647 347 3701 8
367 3647 399 3701 of.
420 3647 506 3702 CSEL
525 3649 622 3701 XXXV
644 3650 693 3704 108

279 3791 292 3842 1
313 3789 627 3858 inpellere—uidebatur
645 3809 696 3846 om.
715 3793 744 3846 P
796 3793 953 3862 dabrepsit
970 3792 1007 3845 Μ
1024 3792 1175 3860 obrepserit
1194 3791 1209 3844 b
1274 3789 1290 3842 8
1311 3789 1386 3842 dam·

241 3882 339 3930 nerent
357 3878 392 3930 M
455 3880 488 3933 13
508 3896 566 3933 esse
585 3883 648 3935 seb
732 3883 765 3936 14
783 3881 930 3936 freneticus
948 3879 1084 3934 MCbTP
1160 3882 1192 3934 16
1211 3895 1332 3932 mensum
1351 3878 1389 3930 M

244 3968 275 4018 11
302 3967 465 4020 rescribetur
483 3968 520 4020 P¹
631 3971 663 4024 18
688 3971 993 4025 concessus—uanitate
1016 3971 1047 4023 ia
1064 3987 1115 4039 my.
1133 3969 1171 4021 M
1276 3967 1389 4036 quiaV

244 4056 277 4108 19
297 4055 362 4124 quid
381 4055 498 4109 MP¹Cla
516 4063 585 4111 m.1
657 4060 864 4128 promiseritM
911 4060 945 4114 20
965 4075 1149 4112 consessurum
1168 4056 1206 4110 Ρι
1260 4058 1292 4109 21
1313 4057 1385 4110 affri-

242 4161 309 4197 cano
333 4145 383 4197 ΤΡ
435 4147 469 4197 22
489 4152 684 4216 consequutum
707 4149 758 4203 ΤΡ
807 4151 841 4202 24
860 4148 1073 4210 transmissimus
1095 4147 1120 4199 Τ
1168 4145 1202 4200 27
1223 4145 1337 4198 detineri
1351 4145 1387 4198 bul

243 4234 407 4303 palestinam
430 4234 455 4286 Τ
503 4237 536 4288 28
556 4238 712 4306 purgandus
736 4237 856 4292 YPP¹V
