3396 4932
680 179 898 234 Praefatio.
1307 186 1353 248 XI

254 373 356 439 Codex
380 374 457 437 olim
480 374 714 440 Faesulanus
739 395 821 440 nunc
845 377 1120 442 Laurentianus
1139 379 1198 442 XV
1218 375 1397 441 membrFl

208 481 298 544 misc.
324 501 348 544 3.
372 481 431 544 XV
454 481 536 544 binis
561 483 716 546 columnis
744 483 860 547 litteris
889 485 1110 566 pulcherrimis
1135 486 1274 568 scriptus
1298 485 1351 550 fol.

209 589 273 650 329
298 587 382 651 huno
405 590 576 652 tractatum
595 589 647 652 131.
668 591 842 654 207-221
864 592 1011 656 exhibens
1032 593 1135 655 cetera
1153 591 1352 672 praecedenti

208 694 321 758 similis
349 698 406 758 est.
925 771 927 774 ¹

251 801 373 864 Horum
407 801 551 864 codicum
584 803 777 866 testimoniis
811 807 917 868 textus
951 804 1191 868 constituendus
1226 805 1295 880 erit,
1325 805 1353 868 si

209 907 333 988 quidem
357 927 485 971 numero
509 908 624 990 plurali
643 908 691 970 uti
710 909 801 972 nobis
825 910 909 973 licet.
934 910 1075 974 nascitur
1094 911 1176 974 enim
1197 910 1350 991 quaestio,

208 1017 315 1076 utrum
344 1015 467 1078 codices
497 1016 550 1096 qui
580 1034 674 1097 supra
702 1015 852 1097 descripti
876 1020 951 1080 sunt
978 1017 1009 1079 in
1035 1018 1153 1080 classes
1179 1017 1353 1080 orationem

207 1123 280 1203 plus
299 1121 445 1184 minusue
466 1121 634 1186 distantem
655 1121 819 1186 offerentes
840 1122 1059 1186 discedentem
1079 1126 1229 1204 quattuor
1246 1126 1351 1204 33333.

207 1228 305 1291 313333
339 1246 374 1291 33
405 1227 505 1308 primo
539 1229 746 1294 manauerint.
774 1229 865 1292 nobis
895 1229 1021 1310 quidem
1054 1229 1147 1292 ualde
1180 1229 1352 1292 uerisimile

209 1333 495 1398 3131333311111111
520 1334 655 1410 codices,
680 1335 740 1398 3331
764 1335 977 1416 capitulorum
1005 1335 1215 1398 1113113113
1240 1335 1352 1398 ceteris

209 1441 376 1522 discrepat,
402 1460 436 1504 ex
459 1440 538 1504 libro
563 1441 587 1502 L
611 1459 672 1504 non
697 1441 824 1522 quidem
854 1460 962 1505 omnes
993 1441 1169 1523 descriptos
1195 1441 1250 1504 sed
1275 1441 1352 1502 deri-

209 1550 299 1611 33333
328 1549 406 1611 esse.
436 1547 520 1628 quod
548 1547 627 1610 mira
656 1547 797 1611 omnium
826 1567 905 1628 quae
936 1547 1070 1611 alicuius
1099 1548 1252 1611 momenti
1278 1551 1352 1610 sunt

207 1671 310 1716 rerum
336 1653 540 1716 consensione
561 1653 664 1716 euinci
683 1671 777 1734 posse
796 1654 997 1730 arbitramur3
1023 1654 1252 1736 discrepantiae
1276 1672 1351 1716 uero

209 1759 276 1822 siue
300 1779 402 1824 333313
427 1759 495 1822 3133
513 1759 634 1823 1333313
652 1759 852 1824 librariorum
873 1765 969 1826 33333
989 1779 1068 1842 quae
1088 1760 1139 1824 hio
1158 1759 1224 1823 illio
1245 1777 1351 1823 occur-

207 1867 290 1942 runt,
318 1867 362 1928 133
391 1868 465 1928 3333
493 1869 749 1946 3313333333
752 1867 890 1930 3133113
924 1867 1062 1948 expediri
1095 1866 1219 1946 possint
1250 1884 1351 1947 neque

207 1971 282 2034 huic
310 1975 507 2034 3331333333
537 1971 753 2034 aduersentur.
783 1973 874 2036 uelut
898 1975 949 2050 57,
976 1975 1013 2036 11
1039 1976 1168 2053 position
1168 1970 1281 2059 311331
1305 1971 1353 2034 F¹

202 2098 264 2157 pro
292 2080 377 2140 333331
407 2075 467 2142 UF
490 2081 566 2139 3331
587 2080 798 2158 propositioni
820 2077 878 2154 L¹;
910 2081 962 2157 70,
992 2081 1032 2143 19
1061 2099 1122 2144 333
1150 2082 1244 2142 elium
1273 2079 1302 2142 in
1328 2079 1351 2140 L

207 2184 508 2260 133133313333333,
533 2188 657 2249 utnon
686 2204 703 2246 a
705 2187 804 2249 333313
832 2186 952 2269 legenti
976 2207 995 2266 q
1018 2191 1176 2268 appareat,
1202 2185 1286 2265 quod
1311 2157 1349 2246 Ll

209 2291 346 2366 exhibet,
373 2293 446 2366 11,5
474 2294 513 2356 13
538 2290 666 2372 Pph'L:
680 2291 974 2374 111331313133311
987 2297 1155 2372 propicio
1073 2291 1210 2354 131333
1236 2289 1349 2366 UFF1,

209 2397 263 2478 qui
287 2417 371 2460 error
393 2398 544 2462 facillimo
569 2398 704 2480 explicat
706 2419 751 2475 ur,
774 2399 800 2462 si
820 2399 992 2480 respexeris
1012 2399 1178 2482 Pelagium
1199 2399 1243 2462 sic
1262 2397 1350 2460 reddi

209 2505 323 2594 solere:
350 2503 404 2580 P.,·
428 2504 654 2580 3131133363,
677 2506 732 2579 15;
760 2506 812 2580 70,
835 2507 883 2568 11.
904 2505 960 2568 sed
978 2505 1052 2568 licet
1071 2505 1148 2568 13333
1173 2505 1351 2568 3331333333

208 2614 386 2692 respuatur,
410 2611 490 2673 illud
519 2613 639 2674 certum
670 2615 719 2676 est
747 2630 855 2676 omnes
886 2611 1011 2675 codices
1037 2631 1072 2674 33
1095 2631 1156 2674 333
1182 2611 1350 2691 archetypo

210 2717 406 2781 descendere.

254 2823 381 2886 Praeter
407 2823 465 2886 hos
492 2823 590 2886 libros
619 2842 712 2886 manu
741 2823 875 2904 scriptos
905 2827 1055 2905 quattuor
1079 2823 1203 2887 codices
1229 2825 1352 2886 exstant

210 2949 234 2992 3.
259 2930 350 2994 11111
378 2930 523 3007 33313331,
553 2949 632 3012 quos
660 2931 747 3012 ipsos
776 2950 831 3012 per
864 2949 897 2994 33
921 2931 1040 2995 3311133
1068 2930 1162 3013 333311
1195 2949 1264 2993 3333
1298 2928 1351 2992 de-

209 3037 466 3101 monstrabimus.
492 3039 567 3101 sunt
590 3041 696 3101 autem
720 3038 763 3100 hi.

255 3141 358 3206 Codex
382 3143 457 3207 olim
481 3143 660 3221 Thuaneus,
683 3142 1230 3226 ,133031133313331901133133
1255 3145 1349 3228 4331,
1370 3148 1395 3210 Ρ

210 3268 291 3313 nuno
332 3249 545 3314 Parisinus
583 3251 681 3328 2097,
725 3250 816 3314 33133
862 3253 1046 3334 tegumenta
1091 3249 1207 3333 insigni
1245 3249 1350 3332 gentis

209 3355 369 3420 Medieeae
402 3360 510 3421 ornata
542 3361 625 3434 sunt,
654 3357 708 3422 131.
739 3357 846 3420 1-43
879 3357 1051 3440 Augustini
1083 3357 1179 3420 uerba
1212 3355 1351 3437 praebet,

209 3460 661 3528 13144-13333333331
698 3459 1354 3528 1331331333333333331131331133311188

211 3588 289 3646 33333
316 3573 422 3631 3311333
447 3569 610 3632 imbribus
637 3569 825 3632 biblioteca
855 3568 955 3632 cerer
977 3569 1093 3650 1133331
1116 3569 1273 3632 11331333
1260 3568 1351 3633 3131

211 3674 340 3738 46-47
366 3675 777 3758 333.11111187,2413333
801 3676 898 3738 uerba
922 3675 1130 3756 explicantur
1154 3693 1352 3754 pepercerim

210 3783 307 3857 -88,
337 3783 357 3844 4
385 3783 648 3860 3333333311311
675 3802 730 3862 pro
763 3802 860 3862 3333333
893 3784 976 3844 cuim
1009 3782 1194 3864 proponitur
1225 3783 1353 3843 etenim:

218 3885 346 3950 Vidctur
375 3887 506 3968 1333133131
533 3888 595 3951 1333
623 3909 721 3968 noeque
748 3891 832 3951 333133
860 3891 971 3951 cicolino
998 3887 1122 3951 33311313
1148 3889 1297 3968 diopuldum
1326 3891 1353 3948 31

209 3992 339 4056 inductu
357 3994 392 4055 13
410 3993 473 4072 pino
485 3994 612 4074 periodi
630 3994 846 4076 13313333333311
863 3994 980 4058 33313113.
1000 3993 1163 4075 inscriptio
1191 3991 1351 4055 Variae—

211 4099 321 4175 Ducis,
353 4104 546 4163 correcturae
573 4101 605 4164 13
633 4105 720 4164 textu
749 4103 861 4178 factae,
889 4101 952 4164 loci
981 4102 1154 4182 scripturae
1187 4117 1291 4162 sacrae
1319 4099 1349 4162 in
