3410 4952
405 359 446 412 de
474 359 630 427 nuptiis
659 361 695 412 et
723 358 1056 427 concupiscentia
1082 357 1110 410 ll
1140 359 1243 412 16-17
1323 362 1387 424 269

244 558 275 621 in
300 576 385 634 sexu,
411 555 495 638 quod
517 554 549 617 in
575 552 753 634 operatione
778 552 992 637 coniungeret.
1018 554 1149 636 abipso
1177 555 1278 639 igitur
1305 575 1386 620 corn·

245 663 353 728 mixtio
369 681 545 744 corporum,
565 679 583 724 a
602 678 662 741 quo
683 662 733 723 θεῖ
752 659 839 742 origo
860 667 1046 742 corporum'.
1065 661 1129 724 iam
1150 679 1244 743 supra
1262 681 1388 744 respon·

246 771 350 835 dimus
378 770 438 834 boo
462 788 498 832 ex
522 767 579 832 deo
608 786 688 840 esse,
718 765 774 830 sed
801 785 863 830 non
891 766 1053 844 delictum,
1085 787 1145 832 non
1175 769 1387 833 membrorum

244 875 510 942 inoboedientiam
542 893 598 957 per
630 873 731 938 carnis
765 873 1064 956 concupiscentiam,
1094 893 1174 956 quae
1203 893 1264 939 non
1294 880 1343 940 est
1373 895 1391 940 a

215 989 342 1066 epatre.
366 981 477 1046 deinde
502 980 591 1045 dicit:
612 984 671 1044 ‘tot
690 1000 765 1064 ergo
784 999 888 1044 rerum
907 981 1070 1058 bonarum,
1090 981 1123 1043 id
1143 985 1192 1046 ost
1213 1000 1389 1064 corporum,

240 1110 388 1168 sexuum,
400 1087 655 1153 coniunctionum
666 1088 766 1152 malos
777 1087 899 1151 fructus
911 1107 981 1152 θεεθ
996 1106 1056 1151 non
1067 1107 1161 1169 posse
1179 1108 1235 1153 nec
1246 1090 1390 1154 homines

247 1198 285 1262 ob
309 1198 369 1261 hoc
394 1215 411 1258 a
435 1195 492 1259 deo
515 1193 594 1268 fieri,
617 1197 655 1258 ut
674 1214 691 1256 a
711 1194 845 1270 diabolo,
871 1193 955 1258 siout
979 1194 1079 1270 diois’‚
1099 1194 1212 1277 inquit,
1236 1195 1390 1279 ‘legitimo

245 1305 313 1368 iuro
336 1305 521 1366 teneantur'.
554 1302 618 1365 iam
651 1301 771 1366 dictum
805 1305 855 1364 est
886 1320 947 1364 non
981 1319 1034 1366 ecs
1067 1302 1137 1366 ideo
1170 1303 1280 1380 teneri,
1318 1303 1392 1384 qnia

246 1410 389 1475 homines
414 1412 497 1487 sunt,
523 1409 608 1491 quod
630 1412 760 1473 naturae
783 1427 896 1472 nomen
921 1412 979 1487 θεῖ,
1005 1409 1096 1475 cuius
1116 1413 1226 1474 auctor
1245 1409 1391 1474 diabolus

202 1534 228 1572 10
247 1536 308 1582 non
336 1521 394 1594 est,
424 1517 480 1582 sed
509 1516 582 1598 quia
609 1518 790 1598 peccatores
820 1518 903 1594 sunt,
934 1515 1017 1598 quod
1046 1516 1157 1599 culpae
1185 1535 1298 1580 nornen
1332 1520 1391 1592 est,

250 1625 339 1689 cuius
364 1624 508 1688 diabolus
533 1626 643 1687 auctor
666 1626 724 1687 est.

292 1730 362 1795 Vll.
389 1730 440 1794 17.
466 1728 527 1793 Sed
550 1729 632 1792 inter
653 1731 702 1794 tot
725 1729 850 1793 nomina
873 1730 1025 1793 bonarum
1048 1749 1164 1808 rerum,
1188 1730 1221 1793 id
1250 1732 1300 1793 est
1327 1748 1393 1794 cor·-

248 1856 371 1920 porum
393 1855 538 1913 sexuum,
559 1836 826 1913 coniunctionum,
846 1836 1010 1900 libidinem
1029 1838 1082 1900 uel
1106 1837 1393 1919 concupiscentiam

251 1943 351 2007 carnis
374 1943 437 2006 iste
461 1961 521 2006 non
546 1943 697 2006 nominat.
721 1945 815 2020 tacet,
841 1941 913 2024 quia
936 1943 1045 2024 pudet,
1069 1947 1101 2008 et
1124 1944 1265 2008 mira-
1284 1942 1312 2006 si
1332 1942 1393 2006 dici

206 2064 231 2106 1⁵
249 2052 356 2134 potest
383 2086 426 2095 -
454 2049 584 2131 pudoris
612 2048 807 2130 inpudentia,
832 2049 917 2132 quod
944 2049 1104 2114 nominare
1132 2049 1241 2132 pudet,
1264 2049 1393 2114 laudare

250 2175 311 2220 non
338 2155 446 2237 pudet.
477 2155 610 2237 denique
638 2155 721 2230 uide,
750 2156 1018 2238 quemadmodum
1041 2157 1143 2240 magis
1168 2176 1237 2221 eam
1262 2157 1394 2221 circum-

249 2263 406 2345 loquendo
434 2262 585 2325 maluerit
611 2262 788 2346 significare
816 2282 910 2344 quam
939 2263 1051 2327 dicere.
1075 2266 1255 2346 ‘postquam
1288 2267 1393 2328 antem

250 2370 320 2446 uir,
348 2369 461 2449 inquit,
490 2368 635 2431 ‘naturali
667 2368 810 2452 adpetitu
837 2370 989 2453 cognouit
1012 2377 1159 2434 uxorem‘.
1183 2389 1255 2434 ecoe
1277 2370 1393 2434 iterum

252 2475 355 2539 dicere
388 2474 504 2538 noluit:
539 2476 639 2538 carnis
673 2476 928 2558 concupiscentia
963 2477 1116 2560 cognouit
1150 2496 1289 2556 uxorem,
1327 2475 1393 2552 sod,

206 2598 232 2638 20
252 2581 537 2664 ‘natu1·ali’‚inqnit‚
550 2581 725 2664 adpetitu,
735 2582 790 2646 ubi
801 2583 903 2647 adhuc
914 2601 1086 2665 possumus
1096 2584 1281 2668 intellegere
1290 2584 1394 2667 ipsam

252 2688 449 2752 uoluntatem
477 2689 595 2752 iustam
625 2691 656 2753 et
682 2688 860 2767 honestam,
889 2709 951 2771 qua
978 2690 1083 2754 uoluit
1108 2689 1192 2756 filios
1221 2707 1393 2773 procreare,

252 2814 311 2860 non
338 2795 426 2858 illam
458 2795 645 2872 libidinem‚=
664 2796 701 2859 de
730 2815 792 2879 qua
817 2796 880 2860 iste
908 2797 954 2861 sic
987 2797 1153 2877 erubescit,
1180 2800 1218 2861 ut
1245 2797 1394 2881 ambiguo

252 2901 343 2966 nobis
365 2901 454 2982 loqui
477 2903 568 2966 malit
591 2923 685 2984 quam
709 2903 874 2987 perspicuo
897 2903 982 2986 quod
1006 2904 1103 2968 sentit
1121 2904 1300 2985 exprimere.
1320 2903 1396 2988 quid

253 3012 302 3072 est
329 3008 474 3072 ‘naturali
502 3009 677 3093 adpetitu’?
706 3029 806 3075 annon
835 3015 868 3076 θῖ
894 3010 978 3074 ualle
1006 3029 1076 3075 esse
1106 3012 1232 3075 saluum
1258 3013 1289 3074 et
1312 3011 1396 3075 uelle

208 3129 234 3170 ²⁵
251 3113 339 3196 ipsos
368 3115 538 3198 suscipere,
567 3117 697 3195 nutrire,
726 3118 848 3182 erudire
875 3117 958 3182 filios
986 3118 1139 3181 naturalis
1163 3120 1213 3182 est
1235 3115 1396 3200 adpetitus

253 3219 401 3302 idemque
428 3222 559 3287 rationis
589 3227 647 3301 θεῖ,
676 3242 737 3287 non
765 3224 927 3289 libidinis?
952 3225 1008 3288 sed
1031 3224 1105 3306 quia
1127 3224 1223 3288 huius
1247 3224 1396 3289 nouimus

345 3465 378 3518 14
397 3464 447 3535 Op.
467 3467 531 3535 imp.
549 3466 588 3519 IV
606 3467 640 3520 65
660 3471 835 3532 (tacet-non
849 3469 946 3536 prodet)

293 3641 394 3693 leand
416 3641 448 3693 N
572 3642 729 3711 operatione
757 3643 797 3695 W
899 3643 1130 3713 drespondemus
1154 3643 1187 3698 K
1292 3642 1398 3696 3haec

258 3727 518 3782 TFEKRVPmbol
589 3729 721 3784 bdcinde
742 3747 805 3800 ergo
825 3733 850 3784 A
924 3733 1048 3801 'linquit
1066 3748 1117 3786 om.
1136 3732 1166 3785 N
1238 3730 1398 3784 9diabulos

255 3832 289 3867 m.
309 3819 324 3867 1
343 3815 376 3868 K
465 3818 495 3870 11
518 3821 610 3871 auctor
629 3818 752 3871 diabolus
772 3817 795 3872 S
884 3821 915 3872 15
936 3820 1019 3888 pudet
1039 3825 1067 3873 et
1088 3819 1140 3873 OE
1155 3817 1270 3888 pudet..
1288 3820 1329 3886 (in
1347 3835 1397 3887 τηρ.

256 3907 326 3971 eum)
345 3905 375 3957 F
427 3908 459 3959 17
479 3906 597 3960 uoluerit
614 3908 642 3960 P
712 3907 843 3962 diceeeS
913 3913 1003 3962 autem
1022 3925 1073 3962 om.
1098 3907 1137 3961 W
1191 3908 1225 3961 20
1245 3907 1292 3960 ubi
1311 3907 1399 3962 adhuc

257 3999 346 4047 autem
365 3994 424 4048 KR
443 3994 565 4048 ubitam
584 3995 671 4049 adbuc
690 3996 717 4049 P
792 3997 827 4050 22
846 3998 885 4050 sic
904 4013 954 4051 om.
979 3996 1018 4050 W
1086 3997 1221 4050 erubiscet
1239 3997 1273 4050 K
1343 4013 1397 4049 am·

255 4081 355 4151 biguae
373 4083 406 4135 K
422 4084 548 4153 ambigue
570 4085 744 4140 TRVPNbd
832 4087 866 4140 23
885 4087 961 4154 loqui
983 4086 1063 4140 nobis
1081 4085 1232 4139 BMSWm
1338 4101 1397 4154 per·

257 4173 354 4240 epicure
373 4171 422 4240 Kp
507 4173 542 4224 24
561 4174 631 4242 θεεθ]
652 4191 710 4227 θεεθ
729 4191 807 4244 posse
826 4173 973 4229 KRVPN
1062 4175 1095 4229 25
1115 4176 1189 4244 ipsus
1208 4173 1241 4226 K
1256 4174 1319 4228 illos
1339 4173 1399 4228 SW

257 4260 290 4312 26
309 4260 422 4313 rationis
444 4277 501 4314 esse
521 4279 554 4314 m.
574 4261 634 4315 11t
